date,tid,price,type,amount
1528703976.0,68155778.0,6652.4,1.0,0.4594
1528703976.0,68155779.0,6652.3,1.0,1.8484
1528703976.0,68155781.0,6651.79,1.0,0.08268459
1528703977.0,68155782.0,6651.09,1.0,4.839
1528703977.0,68155785.0,6651.02,0.0,0.01118378
1528703977.0,68155786.0,6651.02,0.0,0.01562409
1528703977.0,68155787.0,6651.02,0.0,0.6
1528703978.0,68155789.0,6651.02,0.0,0.0871
1528703978.0,68155790.0,6650.71,1.0,1.773
1528703978.0,68155791.0,6650.0,1.0,0.27
1528703978.0,68155793.0,6650.0,1.0,3.6492
1528703979.0,68155794.0,6650.0,1.0,0.42008098
1528703979.0,68155795.0,6650.0,1.0,4.18317604
1528703979.0,68155796.0,6650.0,1.0,1.0
1528703980.0,68155797.0,6650.0,1.0,0.75432672
1528703981.0,68155800.0,6651.01,0.0,0.00538
1528703981.0,68155803.0,6651.01,0.0,0.07731421
1528703983.0,68155805.0,6651.21,1.0,0.63268579
1528703983.0,68155806.0,6650.0,1.0,8.10207072
1528703984.0,68155807.0,6650.0,1.0,0.41608803
1528703984.0,68155808.0,6655.48,0.0,0.022538
1528703985.0,68155809.0,6650.0,1.0,11.47505751
1528703986.0,68155810.0,6650.0,1.0,0.02
1528703986.0,68155811.0,6647.5,1.0,1.4996
1528703986.0,68155812.0,6647.47,1.0,0.4005
1528703986.0,68155813.0,6647.42,1.0,1.0
1528703986.0,68155815.0,6647.14,1.0,0.214
1528703986.0,68155818.0,6646.75,0.0,0.08270672
1528703987.0,68155819.0,6646.65,1.0,0.00703392
1528703987.0,68155820.0,6646.75,0.0,0.1783
1528703991.0,68155822.0,6655.48,0.0,0.00538
1528703994.0,68155825.0,6654.09,0.0,0.022567
1528703995.0,68155826.0,6646.75,1.0,0.016522
1528703995.0,68155827.0,6646.74,1.0,0.0252
1528703996.0,68155831.0,6644.95,0.0,0.00538
1528703997.0,68155832.0,6654.09,0.0,0.06008893
1528703997.0,68155833.0,6654.4,0.0,0.01150527
1528703997.0,68155834.0,6656.33,0.0,0.8064058
1528704000.0,68155836.0,6644.75,1.0,0.03402
1528704000.0,68155837.0,6644.74,1.0,0.00998
1528704000.0,68155840.0,6644.74,1.0,2e-05
1528704000.0,68155842.0,6643.46,1.0,0.08282876
1528704000.0,68155843.0,6643.45,1.0,0.11553663
1528704000.0,68155844.0,6642.79,1.0,0.00150162
1528704000.0,68155846.0,6641.71,1.0,0.09912553
1528704000.0,68155847.0,6641.54,0.0,0.0601
1528704001.0,68155852.0,6641.54,0.0,0.00538
1528704002.0,68155855.0,6641.54,0.0,0.013074
1528704002.0,68155856.0,6641.35,1.0,12.525
1528704003.0,68155857.0,6641.54,0.0,0.0361674
1528704005.0,68155861.0,6648.92,0.0,0.02069313
1528704006.0,68155865.0,6645.26,1.0,0.022543
1528704006.0,68155866.0,6645.26,0.0,0.00538
1528704007.0,68155867.0,6645.26,0.0,0.03561076
1528704007.0,68155868.0,6640.44,1.0,0.02811642
1528704009.0,68155869.0,6640.44,1.0,0.02640947
1528704010.0,68155870.0,6640.44,0.0,0.07144533
1528704010.0,68155873.0,6640.44,0.0,0.04465484
1528704011.0,68155880.0,6639.66,1.0,0.09010949
1528704011.0,68155883.0,6639.6,0.0,0.00539
1528704011.0,68155885.0,6639.6,1.0,0.05
1528704011.0,68155886.0,6635.66,1.0,0.00847719
1528704012.0,68155892.0,6635.66,1.0,0.0065903
1528704012.0,68155893.0,6641.53,0.0,0.01574796
1528704014.0,68155895.0,6641.53,0.0,0.022572
1528704016.0,68155898.0,6642.65,0.0,0.00223274
1528704016.0,68155899.0,6647.51,0.0,0.00315726
1528704021.0,68155929.0,6646.5,0.0,0.00539
1528704022.0,68155930.0,6637.3,1.0,0.4815753
1528704023.0,68155933.0,6642.75,0.0,0.00212668
1528704023.0,68155934.0,6646.5,0.0,0.03714374
1528704023.0,68155936.0,6650.72,0.0,0.11874802
1528704024.0,68155942.0,6643.29,0.0,0.022581
1528704026.0,68155945.0,6636.15,0.0,1.5
1528704026.0,68155947.0,6635.66,1.0,0.06780283
1528704026.0,68155949.0,6634.86,1.0,0.40961617
1528704026.0,68155952.0,6646.5,0.0,0.00539
1528704027.0,68155958.0,6646.5,0.0,0.00461
1528704027.0,68155959.0,6650.71,0.0,0.00653262
1528704029.0,68155967.0,6650.71,0.0,0.03321827
1528704030.0,68155973.0,6650.71,0.0,0.00158413
1528704030.0,68155974.0,6654.44,0.0,0.01546905
1528704031.0,68155985.0,6654.44,0.0,0.01078
1528704033.0,68155996.0,6654.44,0.0,0.03219347
1528704034.0,68156001.0,6654.44,0.0,0.022579
1528704036.0,68156004.0,6654.44,0.0,0.00014848
1528704036.0,68156005.0,6655.6,0.0,0.00524152
1528704039.0,68156009.0,6657.63,0.0,0.022
1528704041.0,68156013.0,6657.63,0.0,0.00539
1528704042.0,68156014.0,6653.82,1.0,0.04194
1528704044.0,68156016.0,6657.63,0.0,0.022531
1528704044.0,68156017.0,6657.63,0.0,0.39134141
1528704045.0,68156020.0,6663.72,0.0,0.022
1528704046.0,68156021.0,6662.36,0.0,0.00539
1528704046.0,68156023.0,6660.72,1.0,0.01
1528704047.0,68156024.0,6660.72,1.0,0.39134141
1528704047.0,68156026.0,6660.72,1.0,0.35150897
1528704050.0,68156028.0,6662.22,1.0,0.26079712
1528704051.0,68156029.0,6662.22,0.0,0.00539
1528704052.0,68156033.0,6657.96,0.0,1.0
1528704052.0,68156034.0,6662.92,0.0,0.01
1528704052.0,68156036.0,6662.23,1.0,0.08261485
1528704052.0,68156037.0,6657.99,1.0,0.29030584
1528704053.0,68156038.0,6662.92,0.0,0.022515
1528704056.0,68156039.0,6662.92,0.0,0.00539
1528704058.0,68156049.0,6657.99,1.0,0.01
1528704058.0,68156056.0,6662.92,0.0,0.013
1528704059.0,68156061.0,6662.92,0.0,0.049095
1528704060.0,68156072.0,6663.72,0.0,0.01791915
1528704061.0,68156073.0,6663.72,0.0,0.00539
1528704061.0,68156075.0,6658.79,1.0,0.01
1528704065.0,68156077.0,6663.72,0.0,0.01948085
1528704065.0,68156078.0,6664.3,0.0,0.01
1528704065.0,68156079.0,6666.36,0.0,0.0775
1528704065.0,68156080.0,6666.57,0.0,0.08250268
1528704065.0,68156081.0,6666.58,0.0,0.26051647
1528704066.0,68156082.0,6665.15,0.0,0.00539
1528704069.0,68156084.0,6664.59,0.0,0.054
1528704070.0,68156085.0,6662.93,1.0,0.08254784
1528704070.0,68156086.0,6662.92,1.0,0.18081434
1528704070.0,68156087.0,6660.49,1.0,0.1976
1528704070.0,68156090.0,6657.99,1.0,4.0
1528704070.0,68156091.0,6657.64,1.0,0.01
1528704071.0,68156092.0,6653.61,0.0,1.5
1528704071.0,68156094.0,6654.41,0.0,0.01078
1528704071.0,68156096.0,6654.41,0.0,0.0735
1528704072.0,68156098.0,6654.41,0.0,1.5
1528704072.0,68156102.0,6650.97,1.0,0.00821901
1528704073.0,68156103.0,6654.41,0.0,0.06205832
1528704074.0,68156105.0,6654.41,0.0,4.0
1528704076.0,68156106.0,6663.18,0.0,0.00539
1528704077.0,68156110.0,6663.18,0.0,0.01117358
1528704081.0,68156114.0,6663.18,0.0,0.06597959
1528704081.0,68156115.0,6666.25,0.0,0.01078
1528704082.0,68156117.0,6666.25,0.0,0.04522
1528704083.0,68156119.0,6667.85,0.0,0.02466031
1528704083.0,68156121.0,6667.85,1.0,0.33102041
1528704085.0,68156131.0,6663.53,1.0,0.00448584
1528704085.0,68156134.0,6667.91,0.0,0.062
1528704086.0,68156140.0,6669.28,0.0,0.00539
1528704087.0,68156142.0,6669.28,0.0,0.07211
1528704087.0,68156143.0,6669.3,0.0,1.4996
1528704087.0,68156144.0,6669.57,0.0,0.052
1528704088.0,68156145.0,6669.99,0.0,0.05966
1528704088.0,68156149.0,6670.0,0.0,0.05093539
1528704088.0,68156151.0,6670.0,0.0,4.94906461
1528704088.0,68156152.0,6671.23,0.0,0.045
1528704089.0,68156153.0,6671.37,1.0,0.01
1528704089.0,68156155.0,6670.83,1.0,0.14739799
1528704090.0,68156156.0,6672.56,0.0,0.07144
1528704090.0,68156157.0,6672.89,0.0,0.051
1528704090.0,68156158.0,6674.44,0.0,0.229848
1528704090.0,68156159.0,6674.55,0.0,0.051
1528704090.0,68156161.0,6674.6,0.0,0.296712
1528704091.0,68156162.0,6674.6,0.0,0.00539
1528704093.0,68156164.0,6670.0,1.0,0.020263
1528704093.0,68156165.0,6670.0,1.0,4.0
1528704096.0,68156173.0,6674.6,0.0,0.01078
1528704097.0,68156174.0,6674.6,0.0,1.05
1528704097.0,68156176.0,6674.6,0.0,0.37406735
1528704097.0,68156179.0,6674.6,0.0,5.0
1528704097.0,68156181.0,6674.6,0.0,5.0
1528704097.0,68156183.0,6674.6,0.0,0.76305065
1528704098.0,68156184.0,6676.21,0.0,0.01130064
1528704098.0,68156188.0,6676.21,0.0,0.04369936
1528704101.0,68156195.0,6677.87,0.0,0.00539
1528704103.0,68156198.0,6677.87,0.0,0.00961
1528704104.0,68156199.0,6684.96,0.0,0.12557126
1528704104.0,68156200.0,6684.98,0.0,0.0775
1528704104.0,68156201.0,6685.0,0.0,0.83731874
1528704104.0,68156202.0,6671.16,1.0,0.02985004
1528704106.0,68156205.0,6685.9,0.0,0.00539
1528704107.0,68156207.0,6688.91,0.0,0.02656124
1528704107.0,68156208.0,6688.91,0.0,0.03449876
1528704108.0,68156210.0,6688.91,1.0,0.36609924
1528704108.0,68156211.0,6688.91,1.0,0.366
1528704108.0,68156212.0,6688.91,1.0,0.034
1528704110.0,68156214.0,6686.53,0.0,0.35
1528704111.0,68156215.0,6677.87,0.0,0.00539
1528704111.0,68156216.0,6677.87,0.0,0.00461
1528704112.0,68156218.0,6688.78,0.0,0.013034
1528704114.0,68156220.0,6688.92,0.0,0.13178528
1528704115.0,68156229.0,6688.86,0.0,0.00519974
1528704117.0,68156242.0,6688.42,0.0,0.003
1528704118.0,68156245.0,6688.84,0.0,0.22601746
1528704119.0,68156257.0,6688.84,0.0,0.18106244
1528704120.0,68156259.0,6679.28,1.0,0.5125
1528704121.0,68156260.0,6679.28,0.0,0.3
1528704121.0,68156261.0,6679.28,0.0,0.08234416
1528704122.0,68156271.0,6679.28,0.0,4.10515584
1528704123.0,68156275.0,6688.84,0.0,0.0375
1528704123.0,68156277.0,6687.88,0.0,0.02472386
1528704125.0,68156282.0,6679.08,0.0,0.04791079
1528704125.0,68156284.0,6679.08,0.0,0.05208921
1528704127.0,68156288.0,6680.07,1.0,0.05157802
1528704127.0,68156290.0,6688.34,0.0,0.01388634
1528704129.0,68156291.0,6688.34,0.0,0.20101366
1528704130.0,68156294.0,6688.34,1.0,1.79898634
1528704131.0,68156295.0,6687.99,0.0,0.00539
1528704133.0,68156299.0,6679.21,1.0,0.5
1528704136.0,68156303.0,6687.98,0.0,0.0054
1528704141.0,68156313.0,6680.83,1.0,0.1
1528704141.0,68156314.0,6687.79,0.0,0.0054
1528704143.0,68156317.0,6680.83,1.0,0.30425967
1528704144.0,68156318.0,6681.24,1.0,0.2375
1528704144.0,68156319.0,6680.83,1.0,0.09574033
1528704144.0,68156321.0,6680.62,1.0,0.229405
1528704145.0,68156324.0,6679.53,0.0,6.0
1528704146.0,68156326.0,6679.53,0.0,5.0
1528704146.0,68156327.0,6679.53,0.0,5.0
1528704146.0,68156328.0,6687.79,0.0,0.0054
1528704148.0,68156334.0,6687.79,0.0,0.06020467
1528704149.0,68156339.0,6687.79,0.0,0.00582197
1528704150.0,68156340.0,6688.86,0.0,0.01
1528704151.0,68156345.0,6691.28,0.0,0.35
1528704151.0,68156347.0,6691.28,0.0,0.0054
1528704153.0,68156348.0,6691.23,0.0,0.0020329
1528704161.0,68156354.0,6691.2,0.0,0.0054
1528704163.0,68156357.0,6685.02,1.0,0.08226017
1528704163.0,68156358.0,6685.01,1.0,0.34084699
1528704166.0,68156365.0,6691.2,0.0,0.0054
1528704168.0,68156368.0,6691.19,0.0,0.04562386
1528704171.0,68156372.0,6691.19,0.0,0.001
1528704173.0,68156374.0,6685.22,1.0,0.31952268
1528704175.0,68156375.0,6685.22,1.0,0.16927732
1528704175.0,68156376.0,6682.17,1.0,0.01
1528704177.0,68156377.0,6689.88,0.0,0.00835001
1528704181.0,68156381.0,6689.82,0.0,0.0054
1528704183.0,68156383.0,6680.63,1.0,0.0196
1528704183.0,68156385.0,6678.22,0.0,0.0278192
1528704183.0,68156386.0,6678.22,0.0,0.02805994
1528704183.0,68156388.0,6678.22,0.0,0.71
1528704184.0,68156389.0,6678.22,0.0,4.74684532
1528704184.0,68156391.0,6682.61,0.0,0.01620145
1528704184.0,68156392.0,6689.87,0.0,0.03557378
1528704184.0,68156393.0,6691.2,0.0,0.14822477
1528704186.0,68156394.0,6687.26,0.0,0.0054
1528704186.0,68156395.0,6677.92,1.0,0.6
1528704186.0,68156396.0,6676.51,1.0,5.56481683
1528704186.0,68156398.0,6676.51,1.0,2.43518317
1528704187.0,68156399.0,6676.5,1.0,3.0739855
1528704188.0,68156400.0,6676.6,1.0,1.4945
1528704189.0,68156403.0,6674.1,0.0,4.17448779
1528704189.0,68156404.0,6674.55,0.0,0.82551221
1528704191.0,68156416.0,6673.86,1.0,4.4526
1528704191.0,68156417.0,6673.49,1.0,0.08969
1528704191.0,68156418.0,6673.48,1.0,0.74781
1528704191.0,68156420.0,6673.48,1.0,3.57019
1528704191.0,68156421.0,6673.48,1.0,0.504
1528704192.0,68156422.0,6673.0,1.0,0.837574
1528704192.0,68156423.0,6671.2,0.0,0.0054
1528704193.0,68156426.0,6671.19,1.0,0.00539
1528704193.0,68156427.0,6671.19,1.0,0.00461
1528704193.0,68156428.0,6670.89,0.0,0.38369894
1528704195.0,68156430.0,6670.6,1.0,0.644
1528704196.0,68156431.0,6670.15,1.0,0.27328641
1528704196.0,68156432.0,6670.14,1.0,4.72671359
1528704196.0,68156433.0,6670.14,1.0,0.11248641
1528704203.0,68156437.0,6669.62,1.0,0.03307682
1528704203.0,68156438.0,6669.62,1.0,0.04938075
1528704203.0,68156439.0,6669.61,1.0,1.303
1528704206.0,68156441.0,6673.53,0.0,0.03729259
1528704206.0,68156446.0,6673.53,0.0,0.0869904
1528704207.0,68156448.0,6673.5,0.0,0.01798148
1528704207.0,68156449.0,6673.5,0.0,0.71
1528704208.0,68156450.0,6671.47,0.0,0.00538009
1528704213.0,68156456.0,6670.63,0.0,0.0211435
1528704218.0,68156458.0,6670.63,0.0,0.0074
1528704218.0,68156460.0,6670.63,0.0,6.107e-05
1528704218.0,68156461.0,6671.46,0.0,0.08241157
1528704219.0,68156462.0,6674.59,0.0,0.01
1528704219.0,68156463.0,6677.62,0.0,0.08421714
1528704223.0,68156465.0,6677.62,0.0,0.12309628
1528704229.0,68156473.0,6677.59,0.0,0.15546186
1528704233.0,68156480.0,6677.92,1.0,0.00777309
1528704239.0,68156486.0,6678.12,1.0,0.5264
1528704239.0,68156488.0,6677.93,1.0,0.53730084
1528704239.0,68156489.0,6682.49,0.0,0.01
1528704242.0,68156495.0,6686.65,0.0,0.022299
1528704243.0,68156496.0,6688.49,0.0,0.065
1528704249.0,68156512.0,6688.49,0.0,0.01223
1528704249.0,68156513.0,6691.0,0.0,0.001
1528704249.0,68156514.0,6691.28,0.0,0.23220662
1528704263.0,68156526.0,6690.6,0.0,0.01
1528704264.0,68156528.0,6691.28,0.0,0.02121
1528704265.0,68156529.0,6691.28,0.0,5.0
1528704265.0,68156530.0,6691.28,0.0,2.60365472
1528704265.0,68156531.0,6691.28,0.0,0.00187644
1528704267.0,68156536.0,6691.28,0.0,4.2856
1528704267.0,68156537.0,6691.28,0.0,5.222e-05
1528704267.0,68156538.0,6694.68,0.0,0.2
1528704267.0,68156539.0,6694.7,0.0,0.0087752
1528704268.0,68156541.0,6694.99,0.0,0.07162
1528704268.0,68156543.0,6700.0,0.0,0.6
1528704268.0,68156545.0,6700.0,0.0,0.01264872
1528704268.0,68156547.0,6686.48,1.0,0.0117684
1528704270.0,68156559.0,6700.0,0.0,0.03456839
1528704272.0,68156562.0,6700.0,0.0,0.22636907
1528704274.0,68156572.0,6692.01,1.0,0.00127483
1528704277.0,68156578.0,6692.02,1.0,1.0
1528704277.0,68156580.0,6692.02,0.0,1.5
1528704277.0,68156582.0,6692.02,0.0,0.475
1528704277.0,68156585.0,6692.02,0.0,2.025
1528704278.0,68156591.0,6700.0,0.0,0.35
1528704279.0,68156592.0,6700.0,0.0,0.01878243
1528704279.0,68156594.0,6700.0,0.0,0.14888059
1528704281.0,68156598.0,6700.0,0.0,0.01258907
1528704281.0,68156600.0,6700.0,0.0,0.04545162
1528704284.0,68156605.0,6700.0,0.0,0.15071011
1528704284.0,68156606.0,6700.0,0.0,0.01
1528704284.0,68156607.0,6703.49,0.0,0.06595
1528704284.0,68156608.0,6703.5,0.0,0.20066337
1528704289.0,68156616.0,6703.82,0.0,0.03337073
1528704293.0,68156618.0,6707.41,0.0,0.005
1528704294.0,68156619.0,6694.79,1.0,0.08055704
1528704303.0,68156638.0,6704.86,0.0,0.22295456
1528704305.0,68156644.0,6695.3,1.0,0.07766642
1528704305.0,68156645.0,6695.29,1.0,0.00173
1528704305.0,68156646.0,6695.14,1.0,0.5494
1528704305.0,68156647.0,6693.3,1.0,0.01
1528704305.0,68156649.0,6692.3,1.0,0.228907
1528704305.0,68156652.0,6691.28,1.0,0.12507004
1528704306.0,68156653.0,6691.28,1.0,0.01010184
1528704306.0,68156656.0,6689.92,0.0,0.08211933
1528704306.0,68156659.0,6689.92,0.0,0.08027344
1528704306.0,68156660.0,6689.92,0.0,0.1731
1528704306.0,68156661.0,6690.52,0.0,1.4916
1528704306.0,68156662.0,6690.52,0.0,0.01
1528704307.0,68156664.0,6690.52,0.0,0.0776663
1528704307.0,68156666.0,6690.52,0.0,0.0311
1528704307.0,68156669.0,6690.0,1.0,0.11657
1528704308.0,68156679.0,6690.52,0.0,0.0111023
1528704308.0,68156681.0,6690.52,0.0,0.40056677
1528704309.0,68156682.0,6690.52,0.0,2.0
1528704309.0,68156683.0,6690.52,0.0,2.0
1528704310.0,68156691.0,6690.85,1.0,0.10664877
1528704310.0,68156693.0,6689.6,1.0,4.7598
1528704310.0,68156695.0,6687.83,1.0,1.77280903
1528704313.0,68156702.0,6697.32,0.0,0.01
1528704313.0,68156703.0,6699.8,0.0,0.01159
1528704315.0,68156705.0,6690.62,1.0,0.01
1528704315.0,68156706.0,6688.1,1.0,1.4906
1528704315.0,68156707.0,6688.04,1.0,0.0889
1528704315.0,68156708.0,6687.83,1.0,0.36519097
1528704316.0,68156711.0,6687.04,0.0,0.87944688
1528704316.0,68156715.0,6687.04,0.0,0.1019898
1528704316.0,68156716.0,6687.04,0.0,0.011707
1528704316.0,68156718.0,6687.0,1.0,0.201274
1528704317.0,68156720.0,6686.46,0.0,0.0889
1528704317.0,68156721.0,6687.04,0.0,0.1679832
1528704317.0,68156722.0,6687.04,0.0,0.4819518
1528704317.0,68156724.0,6687.04,0.0,0.01
1528704321.0,68156734.0,6690.63,1.0,0.87932315
1528704321.0,68156737.0,6687.37,1.0,0.10670427
1528704321.0,68156739.0,6687.04,1.0,0.02691773
1528704321.0,68156740.0,6685.7,1.0,1.4895
1528704322.0,68156742.0,6685.58,1.0,4.0784
1528704322.0,68156744.0,6685.04,0.0,0.87934635
1528704323.0,68156745.0,6683.91,1.0,0.01
1528704324.0,68156746.0,6691.47,0.0,0.01450891
1528704326.0,68156750.0,6690.42,0.0,0.002642
1528704329.0,68156757.0,6690.81,0.0,0.01568
1528704330.0,68156759.0,6690.41,0.0,0.08207375
1528704330.0,68156760.0,6690.81,0.0,0.213137
1528704330.0,68156761.0,6691.47,0.0,1.48549109
1528704330.0,68156762.0,6691.61,1.0,0.46929816
1528704331.0,68156763.0,6682.78,1.0,2.006
1528704331.0,68156764.0,6682.11,0.0,0.0357718
1528704333.0,68156778.0,6690.42,0.0,0.01
1528704333.0,68156780.0,6697.98,0.0,0.0286365
1528704334.0,68156781.0,6683.73,1.0,0.01
1528704334.0,68156782.0,6682.57,1.0,0.03669161
1528704338.0,68156788.0,6682.15,0.0,2.93109495
1528704339.0,68156789.0,6682.11,1.0,0.01282424
1528704339.0,68156790.0,6682.15,0.0,0.97831431
1528704339.0,68156791.0,6682.11,1.0,0.00191117
1528704339.0,68156792.0,6680.59,1.0,0.00354406
1528704341.0,68156840.0,6680.59,1.0,0.07871547
1528704341.0,68156841.0,6680.58,1.0,0.228828
1528704344.0,68156842.0,6677.92,1.0,0.09908219
1528704344.0,68156843.0,6677.59,1.0,0.18117056
1528704344.0,68156844.0,6677.31,1.0,0.07237907
1528704351.0,68156847.0,6680.0,1.0,0.1
1528704351.0,68156848.0,6677.31,1.0,0.39862093
1528704352.0,68156849.0,6676.55,0.0,1.85437907
1528704354.0,68156851.0,6676.15,1.0,0.00983053
1528704365.0,68156858.0,6680.02,1.0,0.05
1528704368.0,68156862.0,6687.66,0.0,0.08224102
1528704369.0,68156864.0,6688.66,0.0,0.228828
1528704370.0,68156865.0,6689.2,0.0,0.01
1528704370.0,68156866.0,6697.94,0.0,0.12021997
1528704371.0,68156867.0,6682.51,1.0,0.01
1528704371.0,68156868.0,6682.51,1.0,0.99997168
1528704371.0,68156869.0,6680.02,1.0,1.402
1528704371.0,68156870.0,6680.0,1.0,1.83191691
1528704379.0,68156877.0,6679.45,1.0,0.01571448
1528704382.0,68156881.0,6689.26,1.0,0.10442524
1528704383.0,68156882.0,6679.63,1.0,1.452
1528704383.0,68156883.0,6679.43,1.0,1.452
1528704383.0,68156884.0,6679.41,1.0,0.08234119
1528704383.0,68156885.0,6679.14,0.0,1.0
1528704384.0,68156886.0,6679.14,0.0,1.452
1528704384.0,68156887.0,6679.14,0.0,0.41196871
1528704384.0,68156888.0,6679.14,0.0,2.0
1528704384.0,68156889.0,6679.14,0.0,1.39730569
1528704385.0,68156890.0,6679.14,0.0,0.1
1528704386.0,68156891.0,6679.13,0.0,0.08234605
1528704386.0,68156892.0,6679.14,0.0,6.53625395
1528704400.0,68156898.0,6691.27,0.0,0.01
1528704400.0,68156899.0,6692.17,0.0,0.01919836
1528704404.0,68156907.0,6685.68,1.0,0.35097254
1528704410.0,68156909.0,6696.34,0.0,0.02260107
1528704417.0,68156911.0,6696.34,0.0,0.9431
1528704419.0,68156912.0,6686.1,1.0,0.01041954
1528704423.0,68156914.0,6696.85,0.0,0.052186
1528704424.0,68156916.0,6696.85,0.0,0.03914
1528704430.0,68156920.0,6697.17,0.0,0.01345349
1528704434.0,68156931.0,6687.33,1.0,0.00595
1528704445.0,68156936.0,6697.42,0.0,0.0163408
1528704455.0,68156940.0,6688.02,1.0,0.0662
1528704455.0,68156941.0,6688.02,1.0,0.01931405
1528704457.0,68156942.0,6688.03,1.0,0.08223655
1528704457.0,68156943.0,6687.97,0.0,0.28068595
1528704457.0,68156944.0,6685.47,1.0,0.4557
1528704458.0,68156945.0,6684.58,1.0,0.01
1528704458.0,68156946.0,6683.94,1.0,0.0897
1528704458.0,68156948.0,6681.92,0.0,1.452
1528704459.0,68156949.0,6681.57,1.0,0.228841
1528704459.0,68156950.0,6681.54,0.0,1.0
1528704461.0,68156951.0,6682.29,1.0,0.13814199
1528704462.0,68156952.0,6681.28,1.0,1.452
1528704462.0,68156953.0,6681.26,1.0,0.2943
1528704462.0,68156954.0,6680.87,0.0,0.01074
1528704462.0,68156956.0,6680.08,0.0,1.452
1528704462.0,68156957.0,6680.0,1.0,5.52408656
1528704463.0,68156958.0,6680.08,0.0,0.2943
1528704464.0,68156961.0,6680.08,0.0,1.5917635
1528704464.0,68156963.0,6680.01,0.0,0.0775
1528704465.0,68156965.0,6680.01,0.0,0.10296516
1528704465.0,68156967.0,6690.89,0.0,0.02457924
1528704465.0,68156969.0,6680.0,1.0,2.64591344
1528704465.0,68156970.0,6679.14,1.0,0.88043291
1528704466.0,68156971.0,6678.47,0.0,0.00537
1528704467.0,68156975.0,6678.47,0.0,0.10672061
1528704467.0,68156978.0,6678.47,0.0,2.31256999
1528704468.0,68156979.0,6680.08,1.0,0.02124497
1528704469.0,68156980.0,6680.0,1.0,4.20500935
1528704469.0,68156981.0,6678.38,1.0,0.024701
1528704469.0,68156982.0,6678.24,1.0,0.39420597
1528704472.0,68156984.0,6683.31,0.0,0.00537
1528704473.0,68156985.0,6678.47,1.0,0.87323355
1528704473.0,68156986.0,6678.24,1.0,1.46079403
1528704473.0,68156988.0,6678.0,1.0,1.4934
1528704474.0,68156989.0,6676.99,0.0,1.13502938
1528704477.0,68156994.0,6682.75,0.0,0.00537
1528704479.0,68156997.0,6675.81,1.0,0.01
1528704479.0,68156999.0,6675.81,1.0,2.13502938
1528704480.0,68157007.0,6674.34,1.0,0.00309114
1528704482.0,68157008.0,6682.23,0.0,0.01074
1528704482.0,68157009.0,6682.23,0.0,0.042681
1528704485.0,68157010.0,6682.69,0.0,0.03342942
1528704486.0,68157012.0,6674.34,1.0,0.07381886
1528704486.0,68157013.0,6672.3,1.0,0.0587
1528704486.0,68157014.0,6671.48,1.0,0.0775
1528704486.0,68157015.0,6671.46,1.0,6.66879952
1528704487.0,68157016.0,6671.93,0.0,0.01612
1528704488.0,68157021.0,6671.93,0.0,0.1483052
1528704488.0,68157025.0,6671.93,0.0,0.021099
1528704488.0,68157026.0,6671.93,0.0,0.07860844
1528704489.0,68157033.0,6671.93,0.0,0.1439856
1528704489.0,68157034.0,6671.93,0.0,0.01574344
1528704491.0,68157038.0,6680.43,0.0,0.086085
1528704491.0,68157041.0,6680.43,0.0,0.142878
1528704491.0,68157043.0,6684.12,0.0,0.05762873
1528704491.0,68157047.0,6671.92,0.0,0.08229467
1528704491.0,68157048.0,6684.12,0.0,0.27309915
1528704492.0,68157050.0,6680.21,0.0,0.01076
1528704493.0,68157056.0,6680.79,0.0,0.017323
1528704497.0,68157061.0,6682.0,0.0,0.00538
1528704500.0,68157068.0,6682.0,0.0,0.15681175
1528704501.0,68157073.0,6682.0,0.0,0.01579265
1528704502.0,68157078.0,6682.0,0.0,0.0108
1528704502.0,68157079.0,6682.0,0.0,0.10328761
1528704502.0,68157082.0,6682.0,0.0,0.01
1528704507.0,68157085.0,6689.42,0.0,0.0108
1528704511.0,68157089.0,6689.42,0.0,0.0059423
1528704512.0,68157090.0,6689.42,0.0,0.00538
1528704512.0,68157091.0,6689.42,0.0,0.0978777
1528704512.0,68157092.0,6692.71,0.0,0.0021223
1528704516.0,68157096.0,6689.78,0.0,0.01618
1528704520.0,68157102.0,6685.17,0.0,0.02749091
1528704521.0,68157103.0,6685.17,0.0,0.0108
1528704525.0,68157108.0,6682.45,1.0,0.08216655
1528704525.0,68157109.0,6682.44,1.0,0.4882
1528704525.0,68157110.0,6682.33,1.0,0.09675451
1528704526.0,68157111.0,6682.0,1.0,0.0178195
1528704526.0,68157112.0,6681.54,1.0,0.01777867
1528704526.0,68157113.0,6680.79,1.0,0.7670922
1528704526.0,68157114.0,6677.4,1.0,0.0616
1528704526.0,68157115.0,6676.71,1.0,0.228757
1528704527.0,68157116.0,6676.69,0.0,0.0196
1528704527.0,68157117.0,6676.69,0.0,0.01618
1528704527.0,68157118.0,6676.69,0.0,0.70271923
1528704530.0,68157122.0,6675.32,1.0,0.01
1528704530.0,68157123.0,6675.32,1.0,0.0299011
1528704531.0,68157125.0,6676.68,0.0,0.08237627
1528704531.0,68157126.0,6685.17,0.0,0.1397707
1528704532.0,68157127.0,6681.88,0.0,0.01618
1528704532.0,68157128.0,6684.56,0.0,0.00152561
1528704536.0,68157133.0,6680.81,0.0,0.00423264
1528704536.0,68157134.0,6681.41,0.0,0.9796
1528704537.0,68157135.0,6684.56,0.0,0.0204
1528704537.0,68157136.0,6684.56,0.0,0.01618
1528704542.0,68157141.0,6684.56,0.0,0.01618
1528704546.0,68157144.0,6674.23,1.0,0.02694566
1528704547.0,68157147.0,6685.1,0.0,0.01618
1528704550.0,68157155.0,6688.74,0.0,0.01200825
1528704551.0,68157158.0,6688.9,0.0,0.01618
1528704552.0,68157160.0,6688.9,0.0,0.12750377
1528704553.0,68157163.0,6688.9,0.0,0.0399011
1528704553.0,68157164.0,6688.9,0.0,0.17323
1528704557.0,68157170.0,6688.9,0.0,0.01618
1528704559.0,68157172.0,6688.9,0.0,0.7
1528704560.0,68157173.0,6689.78,0.0,0.01
1528704560.0,68157174.0,6690.0,0.0,0.02865499
1528704562.0,68157175.0,6690.0,0.0,0.02698
1528704566.0,68157176.0,6690.0,0.0,0.05613881
1528704567.0,68157177.0,6690.0,0.0,0.01618
1528704570.0,68157179.0,6690.0,0.0,0.00773415
1528704570.0,68157181.0,6690.0,0.0,0.00223392
1528704570.0,68157182.0,6690.0,0.0,0.33207813
1528704571.0,68157183.0,6695.81,0.0,0.01618
1528704576.0,68157184.0,6695.02,0.0,0.00820425
1528704577.0,68157185.0,6695.02,0.0,0.00538
1528704580.0,68157186.0,6695.02,0.0,0.00222594
1528704581.0,68157189.0,6695.02,0.0,0.01618
1528704585.0,68157190.0,6696.45,0.0,0.08011503
1528704587.0,68157192.0,6696.24,0.0,0.02698
1528704587.0,68157193.0,6696.22,0.0,0.07
1528704592.0,68157205.0,6696.14,0.0,0.01618
1528704592.0,68157207.0,6696.5,0.0,0.01
1528704592.0,68157208.0,6697.6,0.0,0.09
1528704597.0,68157214.0,6696.78,0.0,0.0108
1528704602.0,68157217.0,6696.78,0.0,0.01618
1528704606.0,68157218.0,6697.6,0.0,0.01618
1528704611.0,68157222.0,6697.6,0.0,0.0016499
1528704612.0,68157223.0,6697.6,0.0,0.02157
1528704613.0,68157225.0,6699.0,0.0,0.155907
1528704616.0,68157227.0,6691.49,1.0,0.08
1528704617.0,68157228.0,6696.0,0.0,0.01619
1528704621.0,68157234.0,6696.0,0.0,0.03381
1528704622.0,68157235.0,6698.9,0.0,0.01650457
1528704622.0,68157236.0,6698.9,0.0,0.01619
1528704624.0,68157238.0,6696.0,1.0,0.5
1528704626.0,68157240.0,6693.37,1.0,0.2862
1528704627.0,68157241.0,6692.93,0.0,0.01619
1528704628.0,68157242.0,6692.93,0.0,0.08213706
1528704628.0,68157245.0,6691.6,1.0,0.5428
1528704628.0,68157246.0,6691.5,1.0,1.35
1528704629.0,68157247.0,6691.49,1.0,0.119743
1528704629.0,68157248.0,6692.93,0.0,1.40167294
1528704629.0,68157249.0,6692.95,1.0,0.84832706
1528704630.0,68157250.0,6689.8,1.0,0.01
1528704630.0,68157251.0,6687.29,0.0,0.973
1528704632.0,68157253.0,6686.82,0.0,0.01667773
1528704632.0,68157254.0,6698.94,0.0,0.01619
1528704635.0,68157257.0,6683.16,1.0,0.4715
1528704635.0,68157258.0,6683.09,1.0,0.01
1528704635.0,68157259.0,6682.8,1.0,2.626887
1528704636.0,68157260.0,6682.75,0.0,0.1
1528704637.0,68157261.0,6682.75,0.0,0.0108
1528704637.0,68157264.0,6682.5,1.0,1.4933
1528704638.0,68157265.0,6682.5,1.0,1.0
1528704638.0,68157266.0,6681.34,1.0,4.0
1528704638.0,68157267.0,6681.34,1.0,0.7655
1528704639.0,68157268.0,6681.34,1.0,1.0
1528704639.0,68157270.0,6680.01,1.0,0.07056
1528704641.0,68157271.0,6679.41,1.0,0.73563007
1528704642.0,68157272.0,6682.74,0.0,0.02158
1528704644.0,68157273.0,6682.74,0.0,0.06067148
1528704644.0,68157274.0,6682.75,0.0,0.01
1528704644.0,68157275.0,6695.06,0.0,0.041037
1528704647.0,68157277.0,6682.78,0.0,0.0108
1528704647.0,68157278.0,6682.78,0.0,0.03335913
1528704650.0,68157279.0,6688.23,0.0,0.0456
1528704652.0,68157280.0,6688.22,0.0,0.01619
1528704657.0,68157285.0,6689.46,0.0,0.01
1528704657.0,68157286.0,6690.49,0.0,0.87356405
1528704657.0,68157287.0,6690.49,0.0,0.02699
1528704661.0,68157289.0,6692.9,0.0,0.03033158
1528704662.0,68157290.0,6691.47,0.0,0.01619
1528704664.0,68157291.0,6691.6,1.0,0.005217
1528704667.0,68157293.0,6692.9,0.0,0.0662953
1528704667.0,68157294.0,6692.9,0.0,0.01619
1528704671.0,68157298.0,6698.92,0.0,0.01618
1528704672.0,68157300.0,6688.93,1.0,0.0618
1528704672.0,68157301.0,6688.71,1.0,0.04879718
1528704677.0,68157304.0,6698.94,0.0,0.0108
1528704681.0,68157306.0,6698.17,0.0,0.0328048
1528704682.0,68157307.0,6698.77,0.0,0.01
1528704682.0,68157308.0,6702.67,0.0,0.00618
1528704687.0,68157309.0,6692.16,1.0,0.064007
1528704687.0,68157310.0,6692.07,1.0,0.01
1528704687.0,68157311.0,6688.9,1.0,0.07623249
1528704692.0,68157314.0,6707.41,0.0,0.01618
1528704692.0,68157317.0,6698.93,0.0,0.006201
1528704692.0,68157318.0,6698.93,0.0,0.003799
1528704697.0,68157328.0,6708.01,0.0,5.0
1528704697.0,68157329.0,6708.01,0.0,1.98448211
1528704697.0,68157330.0,6708.01,0.0,5.0
1528704697.0,68157331.0,6708.01,0.0,0.51551789
1528704698.0,68157332.0,6708.99,0.0,0.06721
1528704698.0,68157333.0,6711.14,0.0,0.03360979
1528704698.0,68157335.0,6713.99,0.0,0.00111672
1528704699.0,68157336.0,6713.99,0.0,0.001266
1528704699.0,68157337.0,6707.1,1.0,0.003
1528704700.0,68157340.0,6713.99,0.0,0.00290426
1528704700.0,68157341.0,6713.99,0.0,0.00201049
1528704700.0,68157342.0,6713.99,0.0,0.00126566
1528704701.0,68157343.0,6714.99,0.0,0.00096787
1528704701.0,68157344.0,6715.99,0.0,0.001861
1528704702.0,68157350.0,6716.84,0.0,0.0108
1528704702.0,68157353.0,6716.86,0.0,0.89
1528704702.0,68157354.0,6716.99,0.0,0.00141391
1528704703.0,68157355.0,6716.99,0.0,0.00096761
1528704703.0,68157358.0,6716.99,0.0,0.0021585
1528704703.0,68157359.0,6717.99,0.0,0.0009673
1528704704.0,68157361.0,6717.99,0.0,0.00230687
1528704704.0,68157362.0,6722.64,0.0,0.01344
1528704705.0,68157363.0,6722.98,0.0,0.0775
1528704705.0,68157364.0,6722.99,0.0,0.00141275
1528704705.0,68157365.0,6722.99,0.0,0.84108725
1528704706.0,68157372.0,6722.97,0.0,0.02156
1528704707.0,68157373.0,6722.97,0.0,0.05594
1528704707.0,68157374.0,6722.99,0.0,0.04891275
1528704707.0,68157375.0,6722.99,0.0,0.00230546
1528704707.0,68157376.0,6716.84,1.0,0.0309592
1528704707.0,68157377.0,6715.93,1.0,0.01066556
1528704708.0,68157378.0,6722.99,0.0,0.00096657
1528704708.0,68157380.0,6723.0,0.0,0.90237089
1528704708.0,68157381.0,6722.99,0.0,0.05551
1528704709.0,68157383.0,6722.99,0.0,0.00141302
1528704709.0,68157384.0,6723.0,0.0,1.94307698
1528704709.0,68157386.0,6723.0,0.0,2.0
1528704710.0,68157393.0,6718.24,1.0,1.5
1528704710.0,68157394.0,6715.94,1.0,0.3
1528704710.0,68157396.0,6715.93,1.0,5.43
1528704710.0,68157397.0,6722.99,0.0,0.00096667
1528704710.0,68157398.0,6723.0,0.0,0.19288386
1528704711.0,68157401.0,6718.86,1.0,0.3
1528704712.0,68157403.0,6722.99,0.0,0.35
1528704712.0,68157407.0,6722.98,1.0,1.5
1528704712.0,68157408.0,6722.99,0.0,0.00137739
1528704713.0,68157409.0,6722.99,0.0,0.00141302
1528704714.0,68157413.0,6722.99,0.0,0.0014485
1528704714.0,68157414.0,6722.99,0.0,0.00141268
1528704715.0,68157415.0,6722.99,0.0,0.01
1528704715.0,68157416.0,6722.99,0.0,0.00156159
1528704715.0,68157417.0,6723.0,0.0,12.05557723
1528704716.0,68157419.0,6723.0,0.0,0.1
1528704716.0,68157420.0,6723.0,0.0,2.0
1528704717.0,68157422.0,6723.0,0.0,5.0
1528704717.0,68157423.0,6723.0,0.0,0.01618
1528704718.0,68157427.0,6723.0,0.0,13.02483251
1528704719.0,68157428.0,6723.99,0.0,0.0023048
1528704720.0,68157429.0,6723.99,0.0,0.00096636
1528704720.0,68157430.0,6723.99,0.0,0.00230473
1528704720.0,68157431.0,6723.99,0.0,0.00141274
1528704720.0,68157434.0,6723.99,1.0,0.02
1528704721.0,68157440.0,6724.78,0.0,4.97301137
1528704721.0,68157447.0,6724.78,0.0,0.00538
1528704722.0,68157448.0,6724.78,0.0,0.11017044
1528704724.0,68157450.0,6724.78,0.0,0.05589519
1528704724.0,68157451.0,6724.78,0.0,5.0
1528704725.0,68157453.0,6724.65,0.0,1.5
1528704726.0,68157454.0,6724.77,0.0,0.52
1528704726.0,68157455.0,6724.78,0.0,0.3356
1528704726.0,68157457.0,6724.78,0.0,0.01618
1528704728.0,68157459.0,6724.19,1.0,0.5128
1528704729.0,68157460.0,6723.88,1.0,4.4872
1528704729.0,68157461.0,6723.88,1.0,0.5128
1528704730.0,68157462.0,6723.21,1.0,0.00622039
1528704730.0,68157463.0,6721.6,1.0,3.8954
1528704730.0,68157465.0,6718.86,1.0,1.53917961
1528704730.0,68157470.0,6718.7,1.0,1.484
1528704731.0,68157471.0,6717.73,0.0,0.4901
1528704731.0,68157472.0,6716.27,1.0,0.01
1528704731.0,68157473.0,6715.93,1.0,1.80213444
1528704732.0,68157474.0,6718.4,0.0,4.629
1528704732.0,68157475.0,6718.4,0.0,0.01619
1528704733.0,68157476.0,6712.79,1.0,5.0
1528704733.0,68157477.0,6712.79,1.0,2.711183
1528704733.0,68157478.0,6723.22,0.0,0.05
1528704734.0,68157480.0,6718.86,1.0,3.19786556
1528704734.0,68157481.0,6718.86,1.0,1.60043444
1528704734.0,68157482.0,6712.02,1.0,0.073397
1528704734.0,68157483.0,6712.0,1.0,2.21542
1528704735.0,68157485.0,6712.0,1.0,0.5976534
1528704736.0,68157486.0,6710.69,0.0,2.78458
1528704736.0,68157487.0,6711.94,0.0,1.92122
1528704736.0,68157488.0,6709.37,1.0,2.21542
1528704737.0,68157489.0,6721.83,0.0,0.00539
1528704737.0,68157490.0,6712.37,1.0,0.10366
1528704738.0,68157491.0,6708.92,1.0,2.25
1528704741.0,68157494.0,6716.63,0.0,0.0108
1528704742.0,68157497.0,6716.63,0.0,0.09986219
1528704742.0,68157498.0,6715.88,0.0,1.0
1528704742.0,68157499.0,6716.63,0.0,0.05549955
1528704746.0,68157505.0,6706.81,1.0,0.007455
1528704747.0,68157507.0,6716.63,0.0,0.02216929
1528704747.0,68157508.0,6716.63,0.0,0.01619
1528704752.0,68157514.0,6716.63,0.0,0.00539
1528704752.0,68157516.0,6716.63,0.0,0.01873197
1528704752.0,68157517.0,6716.99,0.0,0.00245633
1528704752.0,68157518.0,6716.99,0.0,0.00230742
1528704753.0,68157519.0,6721.32,0.0,0.00427173
1528704756.0,68157528.0,6716.63,0.0,0.01
1528704756.0,68157529.0,6721.29,0.0,0.05248126
1528704757.0,68157530.0,6716.99,0.0,0.00096765
1528704757.0,68157531.0,6721.29,0.0,0.00983235
1528704762.0,68157533.0,6721.35,0.0,0.02158
1528704762.0,68157534.0,6713.37,1.0,0.00371586
1528704766.0,68157535.0,6721.99,0.0,0.00260317
1528704766.0,68157536.0,6721.99,0.0,0.00096658
1528704767.0,68157538.0,6724.78,0.0,2.0
1528704768.0,68157540.0,6724.78,0.0,0.003763
1528704768.0,68157541.0,6724.99,0.0,0.00096632
1528704769.0,68157546.0,6724.99,0.0,0.00230449
1528704769.0,68157547.0,6724.99,0.0,0.00260222
1528704770.0,68157555.0,6724.99,0.0,0.00156105
1528704770.0,68157556.0,6724.99,0.0,0.00170987
1528704771.0,68157559.0,6724.99,0.0,0.00096642
1528704771.0,68157560.0,6724.99,0.0,0.00275072
1528704771.0,68157562.0,6729.37,0.0,0.00539
1528704772.0,68157564.0,6729.37,0.0,0.01108138
1528704775.0,68157569.0,6729.37,0.0,0.00681375
1528704776.0,68157571.0,6729.99,0.0,0.00156003
1528704776.0,68157572.0,6729.99,0.0,0.00185703
1528704776.0,68157573.0,6729.99,0.0,0.0021541
1528704777.0,68157574.0,6729.99,0.0,0.00185713
1528704777.0,68157575.0,6729.99,0.0,0.00096558
1528704777.0,68157576.0,6729.37,0.0,0.00896845
1528704778.0,68157577.0,6729.37,0.0,0.00103155
1528704778.0,68157578.0,6729.99,0.0,0.00289745
1528704778.0,68157579.0,6722.84,1.0,0.06747059
1528704778.0,68157580.0,6722.84,1.0,0.3
1528704778.0,68157581.0,6722.83,1.0,1.5
1528704778.0,68157582.0,6722.64,0.0,0.00896845
1528704778.0,68157583.0,6722.64,0.0,0.00103155
1528704779.0,68157584.0,6721.59,0.0,5.0
1528704779.0,68157585.0,6722.64,0.0,3.76595357
1528704779.0,68157586.0,6722.99,0.0,0.00171042
1528704781.0,68157587.0,6732.28,0.0,0.00539
1528704782.0,68157588.0,6732.99,0.0,0.00274743
1528704782.0,68157589.0,6735.5,0.0,0.05828657
1528704784.0,68157590.0,6724.02,1.0,0.9963
1528704784.0,68157591.0,6723.14,0.0,5.0
1528704785.0,68157592.0,6723.14,0.0,2.30938546
1528704788.0,68157594.0,6734.15,0.0,0.00548487
1528704788.0,68157595.0,6734.15,0.0,0.0009
1528704791.0,68157597.0,6733.56,0.0,0.00539
1528704797.0,68157606.0,6734.07,0.0,0.03314348
1528704797.0,68157607.0,6729.22,1.0,0.227873
1528704798.0,68157608.0,6728.0,1.0,0.058363
1528704799.0,68157610.0,6724.56,0.0,5.18035534
1528704801.0,68157612.0,6724.91,1.0,0.08165701
1528704802.0,68157613.0,6734.05,0.0,0.09128226
1528704809.0,68157620.0,6724.92,1.0,0.08160615
1528704810.0,68157621.0,6724.06,1.0,0.0913
1528704810.0,68157622.0,6722.61,0.0,1.5
1528704810.0,68157624.0,6722.61,0.0,6.09814555
1528704810.0,68157625.0,6722.65,1.0,2.0
1528704811.0,68157626.0,6723.43,0.0,5.0
1528704811.0,68157627.0,6723.43,0.0,12.57739532
1528704813.0,68157629.0,6733.34,0.0,0.02211346
1528704815.0,68157630.0,6733.34,0.0,0.05956963
1528704815.0,68157631.0,6733.34,1.0,0.2649
1528704816.0,68157632.0,6733.34,1.0,3.155e-05
1528704816.0,68157633.0,6733.34,1.0,0.423339
1528704817.0,68157636.0,6732.16,0.0,0.01380506
1528704823.0,68157640.0,6733.94,0.0,0.00553611
1528704824.0,68157641.0,6727.21,1.0,0.00553611
1528704825.0,68157642.0,6727.21,0.0,1.99446389
1528704826.0,68157645.0,6727.39,1.0,2.0
1528704827.0,68157646.0,6727.39,0.0,1.0854
1528704833.0,68157649.0,6727.27,1.0,0.08175539
1528704833.0,68157650.0,6726.98,0.0,0.00110753
1528704834.0,68157651.0,6726.35,1.0,0.65
1528704835.0,68157652.0,6725.0,1.0,0.1
1528704837.0,68157653.0,6729.79,0.0,0.00553786
1528704842.0,68157659.0,6732.52,0.0,0.00255
1528704844.0,68157661.0,6732.52,0.0,0.173131
1528704852.0,68157669.0,6733.83,0.0,0.01042735
1528704863.0,68157676.0,6733.94,0.0,0.00446389
1528704863.0,68157677.0,6734.99,0.0,0.00103149
1528704870.0,68157693.0,6734.82,0.0,0.05
1528704870.0,68157694.0,6734.99,0.0,0.00052728
1528704870.0,68157695.0,6734.99,0.0,0.00096474
1528704870.0,68157696.0,6734.99,0.0,0.00096471
1528704870.0,68157697.0,6734.99,0.0,0.00096473
1528704870.0,68157698.0,6734.99,0.0,0.00423158
1528704871.0,68157699.0,6734.99,0.0,0.00230104
1528704871.0,68157700.0,6734.99,0.0,0.00230106
1528704871.0,68157701.0,6734.99,0.0,0.0045284
1528704871.0,68157702.0,6734.99,0.0,0.00215276
1528704872.0,68157703.0,6734.99,0.0,0.00259812
1528704872.0,68157704.0,6734.99,0.0,0.00096496
1528704873.0,68157706.0,6734.99,0.0,0.00244963
1528704873.0,68157707.0,6734.99,0.0,0.00141041
1528704873.0,68157709.0,6735.99,0.0,0.00140997
1528704873.0,68157710.0,6739.95,0.0,0.02372988
1528704876.0,68157714.0,6739.99,0.0,0.00244769
1528704876.0,68157715.0,6739.99,0.0,0.00415231
1528704877.0,68157716.0,6739.99,0.0,7.601e-05
1528704881.0,68157718.0,6740.99,0.0,0.00200029
1528704883.0,68157723.0,6740.99,0.0,2.1e-06
1528704886.0,68157725.0,6739.07,1.0,0.146393
1528704888.0,68157726.0,6741.58,0.0,0.08163253
1528704888.0,68157727.0,6741.59,0.0,3.83787462
1528704888.0,68157728.0,6741.59,0.0,0.00442282
1528704889.0,68157729.0,6741.59,0.0,0.52681602
1528704890.0,68157731.0,6741.59,0.0,2.0
1528704892.0,68157732.0,6741.59,0.0,1.0017
1528704892.0,68157733.0,6741.59,0.0,5.12918654
1528704892.0,68157734.0,6741.99,0.0,0.00244702
1528704892.0,68157736.0,6741.99,0.0,0.00215058
1528704892.0,68157737.0,6741.99,0.0,0.00274378
1528704893.0,68157740.0,6741.58,1.0,0.01
1528704893.0,68157742.0,6741.99,0.0,0.00244734
1528704893.0,68157746.0,6741.99,0.0,0.00289216
1528704893.0,68157747.0,6741.99,0.0,0.00200235
1528704893.0,68157749.0,6741.99,0.0,0.00482041
1528704893.0,68157750.0,6741.99,0.0,0.00259566
1528704893.0,68157751.0,6741.99,0.0,0.00244727
1528704893.0,68157752.0,6741.99,0.0,0.00170554
1528704894.0,68157753.0,6742.45,0.0,1.0
1528704894.0,68157759.0,6744.76,0.0,0.00556977
1528704894.0,68157761.0,6744.76,0.0,0.00443023
1528704896.0,68157762.0,6744.99,0.0,0.00096337
1528704896.0,68157763.0,6744.99,0.0,0.00170491
1528704899.0,68157764.0,6748.13,0.0,0.04672675
1528704900.0,68157765.0,6748.13,0.0,0.01374325
1528704903.0,68157766.0,6748.5,1.0,0.00099027
1528704907.0,68157794.0,6748.99,0.0,0.00140733
1528704907.0,68157796.0,6748.99,0.0,0.00125937
1528704907.0,68157799.0,6748.99,0.0,0.00244471
1528704907.0,68157801.0,6748.99,0.0,0.00208859
1528704911.0,68157876.0,6748.71,1.0,0.08154586
1528704911.0,68157878.0,6748.7,1.0,0.4781
1528704912.0,68157883.0,6748.12,1.0,0.99761374
1528704912.0,68157885.0,6747.36,1.0,0.036265
1528704912.0,68157890.0,6745.75,0.0,0.02062137
1528704913.0,68157913.0,6745.75,0.0,0.4502991
1528704913.0,68157918.0,6745.21,1.0,3.9829
1528704914.0,68157927.0,6745.75,1.0,4.3604
1528704914.0,68157936.0,6745.16,0.0,0.228
1528704914.0,68157940.0,6742.46,1.0,1.0171
1528704917.0,68157952.0,6745.15,0.0,0.08154007
1528704917.0,68157953.0,6748.99,0.0,5.955e-05
1528704917.0,68157954.0,6748.99,0.0,0.00141561
1528704918.0,68157955.0,6748.99,0.0,0.00858439
1528704918.0,68157956.0,6748.99,0.0,0.00274077
1528704918.0,68157957.0,6748.99,0.0,0.00125906
1528704918.0,68157958.0,6749.99,0.0,0.00185174
1528704918.0,68157959.0,6749.99,0.0,0.00105331
1528704922.0,68157961.0,6749.99,0.0,0.00139092
1528704922.0,68157962.0,6749.99,0.0,0.00288853
1528704923.0,68157963.0,6749.99,0.0,0.00170332
1528704923.0,68157964.0,6749.99,0.0,0.00140724
1528704923.0,68157965.0,6749.99,0.0,0.00125885
1528704923.0,68157966.0,6749.99,0.0,0.00111073
1528704923.0,68157967.0,6749.99,0.0,0.00259254
1528704923.0,68157968.0,6749.99,0.0,0.00274038
1528704923.0,68157969.0,6749.99,0.0,0.0025923
1528704923.0,68157970.0,6749.99,0.0,0.0017033
1528704924.0,68157971.0,6749.99,0.0,0.00155517
1528704924.0,68157972.0,6750.0,0.0,1.0
1528704924.0,68157973.0,6750.0,0.0,0.47905672
1528704924.0,68157974.0,6750.0,0.0,0.02496485
1528704930.0,68157985.0,6742.47,1.0,0.08157256
1528704930.0,68157986.0,6742.24,1.0,0.00141561
1528704930.0,68157987.0,6742.24,1.0,0.00858439
1528704930.0,68157989.0,6742.99,0.0,0.00215024
1528704930.0,68157990.0,6742.99,1.0,0.02595598
1528704931.0,68157991.0,6739.9,1.0,0.75782789
1528704931.0,68157992.0,6739.53,1.0,0.10879
1528704931.0,68157993.0,6739.51,1.0,3.5653
1528704934.0,68157997.0,6736.03,1.0,0.0087273
1528704938.0,68158000.0,6745.38,0.0,0.00773901
1528704940.0,68158008.0,6735.09,1.0,4.786
1528704940.0,68158009.0,6735.09,1.0,0.214
1528704941.0,68158011.0,6734.84,1.0,0.01
1528704941.0,68158012.0,6732.34,1.0,1.0
1528704942.0,68158014.0,6729.16,1.0,0.01326867
1528704947.0,68158020.0,6729.16,1.0,0.08705133
1528704948.0,68158027.0,6727.78,1.0,0.0775
1528704948.0,68158028.0,6727.76,1.0,1.5
1528704948.0,68158030.0,6729.16,0.0,0.00661944
1528704949.0,68158033.0,6727.73,0.0,0.00632923
1528704953.0,68158045.0,6739.33,0.0,0.07820721
1528704956.0,68158048.0,6739.99,0.0,0.00096414
1528704956.0,68158049.0,6740.7,0.0,0.01
1528704956.0,68158050.0,6742.41,0.0,0.08152544
1528704956.0,68158051.0,6742.42,0.0,0.227533
1528704956.0,68158052.0,6742.99,0.0,0.00259526
1528704957.0,68158053.0,6743.99,0.0,0.00170487
1528704957.0,68158054.0,6743.99,0.0,0.00170508
1528704957.0,68158055.0,6745.99,0.0,0.00555884
1528704957.0,68158056.0,6746.99,0.0,0.00274171
1528704957.0,68158057.0,6746.99,0.0,0.00200053
1528704957.0,68158058.0,6746.99,0.0,0.00111157
1528704957.0,68158059.0,6746.99,0.0,0.00274181
1528704957.0,68158060.0,6746.99,0.0,0.00125948
1528704958.0,68158061.0,6748.08,0.0,0.6
1528704958.0,68158062.0,6748.1,0.0,0.27547665
1528704959.0,68158063.0,6733.96,1.0,0.00559514
1528704962.0,68158065.0,6747.1,0.0,0.2
1528704963.0,68158067.0,6744.87,0.0,0.00107032
1528704963.0,68158068.0,6734.06,1.0,0.1
1528704968.0,68158071.0,6734.11,1.0,0.02638333
1528704979.0,68158080.0,6744.9,0.0,0.01803042
1528704983.0,68158086.0,6735.92,0.0,0.03682087
1528704984.0,68158087.0,6744.9,0.0,0.0116874
1528704988.0,68158095.0,6744.99,0.0,0.00111171
1528704988.0,68158096.0,6746.99,0.0,0.00185233
1528704988.0,68158097.0,6746.99,0.0,0.00096337
1528704989.0,68158098.0,6746.99,0.0,0.00096339
1528704989.0,68158099.0,6747.0,0.0,0.4419167
1528704993.0,68158110.0,6734.76,1.0,0.11042382
1528704993.0,68158112.0,6734.76,1.0,0.03176641
1528705000.0,68158144.0,6744.89,0.0,0.60049459
1528705002.0,68158145.0,6735.62,1.0,0.2
1528705002.0,68158146.0,6744.89,0.0,0.01
1528705003.0,68158149.0,6744.89,0.0,0.55196697
1528705005.0,68158162.0,6744.89,0.0,1.03950844
1528705008.0,68158165.0,6745.99,0.0,0.00096319
1528705008.0,68158166.0,6745.99,0.0,0.00466943
1528705009.0,68158167.0,6746.99,0.0,0.00096303
1528705009.0,68158168.0,6747.09,0.0,0.01155841
1528705009.0,68158169.0,6743.58,1.0,0.001
1528705011.0,68158171.0,6747.09,0.0,0.29
1528705015.0,68158172.0,6747.09,0.0,0.69844159
1528705015.0,68158173.0,6747.47,0.0,0.01
1528705015.0,68158174.0,6747.99,0.0,0.00526079
1528705015.0,68158175.0,6747.99,0.0,0.00526048
1528705015.0,68158177.0,6747.99,0.0,0.00259299
1528705015.0,68158180.0,6747.99,0.0,0.00111132
1528705015.0,68158181.0,6747.99,0.0,0.00259313
1528705015.0,68158182.0,6747.99,0.0,0.00288934
1528705016.0,68158183.0,6747.99,0.0,0.00170378
1528705016.0,68158184.0,6747.99,0.0,0.00096295
1528705016.0,68158185.0,6750.0,0.0,0.69597843
1528705016.0,68158186.0,6750.0,0.0,0.001
1528705019.0,68158190.0,6750.01,1.0,0.00264474
1528705023.0,68158195.0,6754.98,0.0,0.086032
1528705024.0,68158198.0,6754.99,0.0,0.00288664
1528705024.0,68158199.0,6754.99,0.0,0.00096203
1528705024.0,68158200.0,6754.99,0.0,0.00096183
1528705024.0,68158201.0,6754.99,0.0,0.00244255
1528705024.0,68158202.0,6754.99,0.0,0.00288651
1528705024.0,68158203.0,6754.99,0.0,0.00111015
1528705025.0,68158204.0,6756.49,0.0,0.05498495
1528705025.0,68158208.0,6754.96,0.0,0.025849
1528705029.0,68158213.0,6754.99,0.0,0.00111025
1528705029.0,68158214.0,6756.49,0.0,0.00440865
1528705039.0,68158221.0,6756.99,0.0,0.00362551
1528705039.0,68158222.0,6756.99,0.0,0.0018497
1528705039.0,68158224.0,6756.99,0.0,0.00110962
1528705039.0,68158225.0,6758.45,0.0,0.00445533
1528705040.0,68158227.0,6758.45,0.0,1.0
1528705040.0,68158228.0,6758.45,0.0,5.0
1528705040.0,68158229.0,6758.45,0.0,0.01
1528705041.0,68158230.0,6758.45,0.0,5.0
1528705041.0,68158231.0,6758.45,0.0,0.78890484
1528705041.0,68158232.0,6758.45,0.0,0.69663983
1528705042.0,68158233.0,6758.99,0.0,0.00273708
1528705042.0,68158234.0,6758.99,0.0,0.00140533
1528705042.0,68158235.0,6759.74,0.0,1.0
1528705043.0,68158236.0,6759.98,0.0,0.0581
1528705043.0,68158237.0,6759.99,0.0,0.00184899
1528705043.0,68158238.0,6759.99,0.0,0.00110923
1528705044.0,68158239.0,6759.99,0.0,0.00096132
1528705044.0,68158241.0,6759.99,0.0,0.00096135
1528705044.0,68158243.0,6760.6,0.0,1.4767
1528705045.0,68158244.0,6760.88,0.0,0.00110359
1528705045.0,68158245.0,6760.88,0.0,0.00889641
1528705046.0,68158246.0,6760.99,0.0,0.00584206
1528705046.0,68158247.0,6761.99,0.0,0.00170043
1528705049.0,68158248.0,6766.99,0.0,0.00229023
1528705049.0,68158249.0,6768.72,0.0,0.01
1528705050.0,68158250.0,6769.87,0.0,0.02824795
1528705052.0,68158251.0,6769.65,0.0,0.9944
1528705052.0,68158252.0,6769.87,0.0,0.0056
1528705057.0,68158268.0,6759.83,1.0,0.0016499
1528705062.0,68158287.0,6769.87,0.0,0.96615205
1528705062.0,68158290.0,6769.99,0.0,0.00214151
1528705062.0,68158292.0,6769.99,0.0,0.00125514
1528705063.0,68158300.0,6769.99,0.0,0.00288028
1528705063.0,68158303.0,6769.99,0.0,0.00110741
1528705063.0,68158310.0,6769.99,0.0,0.0028802
1528705064.0,68158315.0,6760.56,0.0,0.0083863
1528705064.0,68158321.0,6769.99,0.0,0.00273225
1528705064.0,68158323.0,6770.0,0.0,0.00686775
1528705065.0,68158328.0,6770.0,0.0,0.0031221
1528705065.0,68158332.0,6769.99,0.0,0.00347102
1528705065.0,68158333.0,6770.0,0.0,0.29001015
1528705066.0,68158334.0,6770.99,0.0,0.00273199
1528705066.0,68158337.0,6770.99,0.0,0.00214109
1528705066.0,68158338.0,6770.99,0.0,0.00125529
1528705067.0,68158341.0,6770.99,0.0,0.00287976
1528705067.0,68158342.0,6770.99,0.0,0.00125494
1528705067.0,68158346.0,6773.99,0.0,0.00169758
1528705068.0,68158347.0,6775.11,0.0,0.05315
1528705068.0,68158348.0,6775.34,0.0,4.94515242
1528705068.0,68158350.0,6775.34,0.0,0.05484758
1528705069.0,68158352.0,6775.34,0.0,0.41070585
1528705072.0,68158357.0,6775.34,0.0,2.0692
1528705074.0,68158373.0,6775.34,0.0,0.16469973
1528705076.0,68158388.0,6775.34,0.0,2.0
1528705079.0,68158391.0,6774.3,1.0,0.08
1528705080.0,68158394.0,6775.34,0.0,0.22604
1528705083.0,68158400.0,6775.33,1.0,0.99390564
1528705083.0,68158402.0,6775.33,1.0,2.344
1528705083.0,68158404.0,6774.3,1.0,0.92
1528705083.0,68158406.0,6771.72,1.0,0.6
1528705083.0,68158409.0,6771.66,1.0,5.8
1528705083.0,68158412.0,6771.45,1.0,0.9983
1528705084.0,68158414.0,6771.4,1.0,1.4709
1528705084.0,68158418.0,6771.27,0.0,1.5
1528705084.0,68158422.0,6771.27,0.0,9.12997529
1528705084.0,68158424.0,6771.27,0.0,0.01
1528705084.0,68158425.0,6770.99,1.0,0.07855499
1528705085.0,68158429.0,6771.27,0.0,0.02463409
1528705085.0,68158433.0,6771.27,0.0,18.0
1528705085.0,68158434.0,6770.58,0.0,0.00677392
1528705086.0,68158438.0,6770.8,1.0,0.06032152
1528705086.0,68158439.0,6770.34,1.0,0.08286181
1528705087.0,68158441.0,6769.3,0.0,0.00561757
1528705087.0,68158442.0,6767.76,1.0,4.0628
1528705089.0,68158444.0,6767.78,1.0,0.0010062
1528705090.0,68158445.0,6767.78,1.0,1.4509938
1528705090.0,68158447.0,6771.55,1.0,0.01
1528705091.0,68158448.0,6765.08,1.0,6.6192
1528705092.0,68158449.0,6764.09,1.0,5.0
1528705092.0,68158450.0,6764.09,1.0,4.3
1528705092.0,68158452.0,6766.34,1.0,0.44313146
1528705093.0,68158453.0,6764.1,1.0,0.10391
1528705093.0,68158454.0,6761.84,1.0,4.45295854
1528705094.0,68158455.0,6761.82,1.0,0.54704146
1528705094.0,68158456.0,6770.95,0.0,0.04395797
1528705094.0,68158457.0,6761.89,1.0,4.45295854
1528705095.0,68158458.0,6770.58,0.0,0.956
1528705095.0,68158459.0,6775.17,0.0,0.3
1528705095.0,68158460.0,6775.18,0.0,0.18529874
1528705095.0,68158461.0,6761.86,1.0,0.54704146
1528705095.0,68158462.0,6775.18,0.0,1.31470126
1528705096.0,68158463.0,6775.18,1.0,0.3
1528705096.0,68158464.0,6775.18,1.0,0.38529874
1528705097.0,68158467.0,6761.29,0.0,1.13419099
1528705097.0,68158468.0,6760.0,1.0,0.00450891
1528705097.0,68158469.0,6760.0,1.0,0.01278085
1528705098.0,68158471.0,6759.73,1.0,1.0
1528705098.0,68158472.0,6757.9,1.0,3.00973619
1528705099.0,68158473.0,6757.9,1.0,0.08812626
1528705099.0,68158475.0,6757.9,1.0,1.53493755
1528705100.0,68158476.0,6756.7,1.0,0.01
1528705110.0,68158490.0,6763.46,0.0,0.01
1528705110.0,68158491.0,6768.02,0.0,0.02298466
1528705120.0,68158501.0,6760.0,1.0,0.00152561
1528705121.0,68158504.0,6760.0,1.0,0.07562524
1528705122.0,68158506.0,6758.82,0.0,5.0
1528705125.0,68158529.0,6766.33,0.0,0.00825161
1528705127.0,68158530.0,6763.26,1.0,0.99606308
1528705128.0,68158531.0,6759.32,0.0,4.3543118
1528705129.0,68158532.0,6766.33,0.0,0.04994059
1528705129.0,68158533.0,6769.87,0.0,0.06510365
1528705139.0,68158578.0,6769.87,0.0,0.01098948
1528705143.0,68158581.0,6769.87,0.0,0.062501
1528705153.0,68158591.0,6760.85,1.0,0.00920786
1528705153.0,68158592.0,6760.85,1.0,0.03079214
1528705154.0,68158595.0,6769.87,0.0,0.00555683
1528705159.0,68158600.0,6761.0,1.0,0.00327
1528705160.0,68158601.0,6761.04,1.0,0.00813129
1528705165.0,68158606.0,6769.86,0.0,0.11014453
1528705169.0,68158609.0,6769.75,0.0,0.08377
1528705177.0,68158612.0,6761.06,1.0,0.00859645
1528705190.0,68158622.0,6769.87,0.0,0.85584904
1528705196.0,68158625.0,6775.34,0.0,1.97770442
1528705196.0,68158626.0,6775.99,0.0,0.00494392
1528705196.0,68158627.0,6775.99,0.0,0.00199211
1528705197.0,68158628.0,6775.99,0.0,0.00154946
1528705197.0,68158629.0,6775.99,0.0,0.0025823
1528705197.0,68158631.0,6775.99,0.0,0.00169715
1528705197.0,68158632.0,6775.99,0.0,0.00450097
1528705197.0,68158633.0,6775.99,0.0,0.00287744
1528705198.0,68158634.0,6775.99,0.0,0.00095919
1528705198.0,68158635.0,6775.99,0.0,0.00258246
1528705198.0,68158636.0,6776.65,0.0,0.01
1528705200.0,68158646.0,6780.02,0.0,1.0
1528705201.0,68158647.0,6780.99,0.0,0.0024329
1528705201.0,68158648.0,6780.99,0.0,0.00258049
1528705201.0,68158649.0,6780.99,0.0,0.00228578
1528705201.0,68158651.0,6782.5,0.0,0.00927843
1528705201.0,68158652.0,6782.5,0.0,0.21676257
1528705202.0,68158653.0,6782.99,0.0,0.05476
1528705202.0,68158654.0,6782.5,1.0,0.00271
1528705202.0,68158657.0,6782.5,0.0,0.0690494
1528705203.0,68158658.0,6783.57,0.0,0.907
1528705203.0,68158659.0,6784.35,0.0,0.01
1528705203.0,68158660.0,6784.47,0.0,0.2
1528705203.0,68158662.0,6788.01,0.0,0.00090158
1528705203.0,68158663.0,6789.0,0.0,0.00638842
1528705204.0,68158666.0,6782.99,0.0,0.0015478
1528705205.0,68158671.0,6788.96,0.0,0.00770239
1528705205.0,68158672.0,6788.97,0.0,0.1
1528705206.0,68158673.0,6788.99,0.0,0.00154635
1528705206.0,68158674.0,6789.0,0.0,0.01861158
1528705206.0,68158675.0,6789.0,1.0,0.01942521
1528705210.0,68158682.0,6788.99,0.0,0.00198814
1528705210.0,68158683.0,6788.99,0.0,0.00169372
1528705210.0,68158684.0,6789.62,0.0,0.01416863
1528705211.0,68158687.0,6790.0,1.0,5.0
1528705211.0,68158689.0,6790.27,1.0,0.99383822
1528705211.0,68158690.0,6790.0,1.0,0.98214951
1528705212.0,68158692.0,6789.99,0.0,0.000957
1528705214.0,68158694.0,6790.01,1.0,0.04024666
1528705220.0,68158695.0,6788.99,0.0,0.00154655
1528705220.0,68158696.0,6790.55,0.0,0.02365345
1528705222.0,68158697.0,6790.55,0.0,0.01
1528705227.0,68158700.0,6790.55,0.0,0.002
1528705229.0,68158702.0,6783.83,1.0,0.0015
1528705229.0,68158703.0,6781.17,0.0,5.0
1528705230.0,68158704.0,6781.17,0.0,0.31358416
1528705230.0,68158705.0,6781.76,0.0,4.02477253
1528705230.0,68158706.0,6782.37,1.0,0.22538582
1528705231.0,68158708.0,6780.06,0.0,1.809
1528705232.0,68158709.0,6780.06,0.0,4.94105825
1528705232.0,68158710.0,6778.0,1.0,0.226027
1528705232.0,68158711.0,6776.97,0.0,0.01
1528705234.0,68158712.0,6774.07,1.0,4.0049
1528705234.0,68158718.0,6784.35,0.0,0.01
1528705234.0,68158719.0,6786.14,1.0,0.41170328
1528705234.0,68158720.0,6776.58,1.0,0.370008
1528705235.0,68158721.0,6776.72,1.0,0.07599434
1528705235.0,68158722.0,6773.37,0.0,0.22733714
1528705235.0,68158723.0,6772.49,1.0,0.09082
1528705235.0,68158724.0,6773.37,0.0,1.0
1528705236.0,68158725.0,6773.37,0.0,0.00439115
1528705236.0,68158726.0,6773.37,0.0,0.1
1528705237.0,68158734.0,6770.64,1.0,0.0015
1528705237.0,68158736.0,6773.37,0.0,0.59227737
1528705237.0,68158737.0,6776.37,0.0,0.0809744
1528705238.0,68158738.0,6776.38,1.0,4.9190256
1528705240.0,68158739.0,6780.8,0.0,0.0015
1528705240.0,68158740.0,6789.16,0.0,0.10099137
1528705241.0,68158741.0,6780.8,1.0,0.0015
1528705243.0,68158747.0,6771.11,1.0,0.11920878
1528705243.0,68158748.0,6771.06,1.0,0.08089701
1528705244.0,68158749.0,6770.64,1.0,0.9985
1528705244.0,68158750.0,6770.17,1.0,0.08739421
1528705251.0,68158754.0,6780.79,0.0,0.01096488
1528705256.0,68158756.0,6779.48,0.0,0.00548165
1528705257.0,68158757.0,6772.17,1.0,0.12041658
1528705258.0,68158758.0,6772.01,1.0,0.18330442
1528705260.0,68158767.0,6779.47,0.0,0.00658911
1528705269.0,68158777.0,6778.17,1.0,0.3531
1528705273.0,68158784.0,6779.42,1.0,0.0635575
1528705273.0,68158786.0,6780.8,0.0,0.40201482
1528705275.0,68158788.0,6780.8,0.0,0.59648518
1528705275.0,68158789.0,6780.99,0.0,0.00272789
1528705276.0,68158795.0,6782.29,1.0,0.9364425
1528705280.0,68158796.0,6786.2,0.0,0.10000603
1528705280.0,68158797.0,6779.43,1.0,0.08111168
1528705280.0,68158798.0,6777.04,1.0,0.005588
1528705281.0,68158799.0,6772.91,1.0,0.11367676
1528705286.0,68158802.0,6786.1,0.0,0.0115255
1528705290.0,68158805.0,6777.0,1.0,0.04827612
1528705295.0,68158806.0,6786.09,0.0,0.02747408
1528705301.0,68158809.0,6780.1,1.0,2.0234
1528705301.0,68158810.0,6780.0,1.0,0.01
1528705301.0,68158811.0,6780.0,1.0,2.7336
1528705301.0,68158813.0,6780.0,1.0,2.0234
1528705303.0,68158814.0,6773.45,1.0,5.0
1528705308.0,68158820.0,6772.0,1.0,1.4721
1528705308.0,68158821.0,6771.17,1.0,0.01
1528705309.0,68158822.0,6771.17,1.0,3.5179
1528705309.0,68158823.0,6771.17,1.0,0.6321
1528705309.0,68158824.0,6770.7,1.0,0.85
1528705310.0,68158825.0,6770.64,1.0,1.0
1528705310.0,68158827.0,6768.88,1.0,0.07675
1528705311.0,68158828.0,6770.0,1.0,0.01
1528705311.0,68158829.0,6768.27,1.0,2.09392057
1528705323.0,68158841.0,6773.96,0.0,0.05030322
1528705323.0,68158842.0,6773.96,0.0,0.00933696
1528705326.0,68158844.0,6773.95,0.0,0.026328
1528705330.0,68158850.0,6765.66,1.0,0.00868901
1528705334.0,68158852.0,6773.95,0.0,0.02724487
1528705334.0,68158853.0,6773.96,0.0,0.16649282
1528705334.0,68158854.0,6777.94,0.0,0.01
1528705335.0,68158855.0,6777.94,1.0,0.00471686
1528705336.0,68158856.0,6780.8,0.0,0.03293195
1528705340.0,68158857.0,6777.57,1.0,0.01
1528705341.0,68158858.0,6780.22,0.0,0.65743833
1528705342.0,68158859.0,6780.78,0.0,1.5
1528705342.0,68158860.0,6780.8,0.0,0.05
1528705351.0,68158863.0,6770.52,1.0,0.01
1528705351.0,68158864.0,6766.62,1.0,0.0111501
1528705359.0,68158870.0,6776.86,0.0,0.07824125
1528705366.0,68158872.0,6766.51,1.0,0.02139312
1528705369.0,68158873.0,6766.51,1.0,0.04868299
1528705369.0,68158874.0,6766.5,1.0,0.1350547
1528705369.0,68158875.0,6766.5,1.0,1.04731663
1528705371.0,68158878.0,6771.95,0.0,0.0509286
1528705371.0,68158885.0,6771.95,0.0,0.0152442
1528705372.0,68158886.0,6771.95,0.0,1.4338272
1528705372.0,68158887.0,6773.68,0.0,0.08119663
1528705372.0,68158888.0,6774.58,1.0,0.9289
1528705372.0,68158889.0,6774.58,1.0,0.3
1528705372.0,68158890.0,6774.58,1.0,0.15607617
1528705375.0,68158893.0,6763.76,1.0,0.00748632
1528705376.0,68158894.0,6763.76,1.0,0.00251368
1528705376.0,68158895.0,6761.62,1.0,0.00352582
1528705383.0,68158903.0,6770.29,0.0,0.022336
1528705385.0,68158905.0,6770.28,0.0,0.20995291
1528705386.0,68158908.0,6770.17,0.0,0.03009867
1528705387.0,68158909.0,6770.52,0.0,0.00748632
1528705388.0,68158910.0,6770.52,0.0,0.00251368
1528705388.0,68158911.0,6773.6,0.0,0.039
1528705390.0,68158916.0,6762.08,1.0,0.00147192
1528705396.0,68158924.0,6762.08,1.0,0.00821447
1528705397.0,68158925.0,6762.08,1.0,0.06781361
1528705398.0,68158928.0,6761.31,0.0,0.08129633
1528705399.0,68158929.0,6761.31,0.0,5.0
1528705399.0,68158930.0,6761.31,0.0,1.58477746
1528705399.0,68158931.0,6761.98,0.0,3.41522254
1528705399.0,68158932.0,6761.0,1.0,0.00673
1528705400.0,68158933.0,6760.95,0.0,1.76527
1528705402.0,68158934.0,6760.51,1.0,0.00728115
1528705407.0,68158939.0,6770.99,0.0,0.03081761
1528705411.0,68158942.0,6760.51,1.0,0.00189094
1528705412.0,68158944.0,6760.51,1.0,1.99082791
1528705417.0,68158947.0,6757.53,1.0,0.0079175
1528705422.0,68158949.0,6764.13,0.0,0.05088748
1528705424.0,68158951.0,6764.13,0.0,0.03034153
1528705424.0,68158952.0,6766.75,0.0,0.008136
1528705424.0,68158953.0,6770.68,0.0,0.6
1528705424.0,68158954.0,6770.7,0.0,0.08660027
1528705427.0,68158955.0,6758.57,1.0,0.00793317
1528705437.0,68158978.0,6773.59,0.0,0.06931
1528705437.0,68158982.0,6777.29,0.0,0.01
1528705437.0,68158983.0,6777.7,0.0,0.074
1528705437.0,68158984.0,6769.9,1.0,0.03
1528705440.0,68158986.0,6769.9,1.0,0.962
1528705440.0,68158989.0,6769.1,1.0,1.473
1528705440.0,68158991.0,6768.98,1.0,1.5
1528705440.0,68158992.0,6766.98,1.0,0.08120348
1528705440.0,68158993.0,6766.97,1.0,0.226247
1528705441.0,68158994.0,6765.5,1.0,7.17624952
1528705441.0,68158995.0,6778.46,0.0,0.05503007
1528705443.0,68158997.0,6778.3,0.0,0.00429095
1528705451.0,68159009.0,6770.0,0.0,0.01480897
1528705452.0,68159010.0,6770.0,0.0,0.02519103
1528705458.0,68159014.0,6766.98,1.0,0.00199483
1528705460.0,68159019.0,6766.98,1.0,0.00800517
1528705461.0,68159020.0,6766.6,0.0,0.99199483
1528705467.0,68159023.0,6773.75,0.0,0.00199483
1528705467.0,68159024.0,6773.75,0.0,0.00800517
1528705467.0,68159025.0,6776.5,0.0,0.08115218
1528705467.0,68159026.0,6776.51,0.0,0.05065405
1528705471.0,68159028.0,6776.51,0.0,0.0045
1528705477.0,68159032.0,6768.45,1.0,0.00123247
1528705487.0,68159034.0,6777.67,0.0,0.21233765
1528705497.0,68159046.0,6768.42,1.0,0.01
1528705497.0,68159047.0,6767.16,0.0,7.11079793
1528705499.0,68159049.0,6772.16,0.0,0.17093
1528705499.0,68159050.0,6775.19,0.0,0.01
1528705499.0,68159051.0,6777.67,0.0,1.28766235
1528705499.0,68159052.0,6780.7,1.0,1.475
1528705499.0,68159054.0,6780.8,0.0,0.91706805
1528705499.0,68159055.0,6780.99,1.0,1.0
1528705500.0,68159056.0,6780.99,0.0,0.00199044
1528705500.0,68159058.0,6783.48,1.0,0.0775
1528705500.0,68159059.0,6783.5,0.0,7.94905123
1528705500.0,68159060.0,6765.6,1.0,0.1
1528705501.0,68159062.0,6766.62,0.0,1.4757
1528705502.0,68159063.0,6766.62,0.0,5.0
1528705502.0,68159065.0,6771.92,0.0,0.008582
1528705502.0,68159066.0,6765.43,1.0,0.08128394
1528705503.0,68159067.0,6766.9,1.0,0.5
1528705506.0,68159072.0,6771.92,1.0,0.01
1528705517.0,68159084.0,6771.63,0.0,0.0025
1528705521.0,68159094.0,6763.1,1.0,0.00463392
1528705527.0,68159103.0,6771.63,0.0,5.0
1528705528.0,68159104.0,6771.63,1.0,0.0551774
1528705528.0,68159105.0,6771.91,0.0,0.08121785
1528705529.0,68159106.0,6771.63,1.0,0.01
1528705529.0,68159107.0,6780.49,1.0,4.6318226
1528705533.0,68159111.0,6779.0,0.0,0.22259182
1528705543.0,68159123.0,6781.4,0.0,0.022
1528705543.0,68159124.0,6773.18,1.0,0.9988
1528705543.0,68159125.0,6770.0,0.0,1.7702
1528705544.0,68159128.0,6770.0,0.0,10.765
1528705544.0,68159129.0,6770.0,0.0,1.96570297
1528705544.0,68159130.0,6770.0,0.0,4.50029703
1528705551.0,68159132.0,6782.2,0.0,0.05
1528705553.0,68159133.0,6782.2,0.0,0.01097948
1528705566.0,68159136.0,6783.92,0.0,0.008582
1528705567.0,68159138.0,6774.79,1.0,0.20701913
1528705568.0,68159140.0,6783.99,0.0,0.00125261
1528705568.0,68159141.0,6784.35,0.0,0.00568739
1528705570.0,68159142.0,6783.83,0.0,1.5
1528705571.0,68159143.0,6784.0,1.0,3.43235699
1528705572.0,68159144.0,6783.98,0.0,0.02195577
1528705576.0,68159145.0,6783.98,0.0,0.06874126
1528705577.0,68159147.0,6783.98,0.0,0.006577
1528705581.0,68159150.0,6775.29,1.0,0.08117742
1528705582.0,68159152.0,6773.1,1.0,1.4711
1528705582.0,68159155.0,6772.6,0.0,0.07451941
1528705584.0,68159156.0,6769.01,1.0,0.225995
1528705584.0,68159157.0,6769.0,1.0,0.76076762
1528705585.0,68159158.0,6769.0,1.0,2.0
1528705585.0,68159159.0,6769.0,1.0,1.45580231
1528705585.0,68159160.0,6769.0,1.0,3.73759007
1528705587.0,68159166.0,6770.19,0.0,0.33804087
1528705590.0,68159169.0,6769.01,1.0,1.0
1528705591.0,68159172.0,6767.97,0.0,1.0
1528705593.0,68159174.0,6774.01,0.0,0.1098
1528705593.0,68159175.0,6777.52,0.0,0.22594
1528705593.0,68159176.0,6779.1,0.0,0.23531677
1528705598.0,68159178.0,6774.11,0.0,0.06575
1528705601.0,68159180.0,6772.59,0.0,0.08107347
1528705601.0,68159181.0,6779.0,0.0,0.05892653
1528705601.0,68159182.0,6772.0,1.0,0.91075184
1528705601.0,68159183.0,6772.0,1.0,1.45
1528705603.0,68159185.0,6770.79,0.0,0.00605138
1528705608.0,68159188.0,6777.03,0.0,0.0242885
1528705612.0,68159190.0,6779.16,0.0,0.042
1528705614.0,68159193.0,6777.61,0.0,0.01558415
1528705623.0,68159197.0,6779.12,0.0,0.00548738
1528705633.0,68159202.0,6770.0,1.0,0.025
1528705634.0,68159204.0,6768.34,1.0,0.08112533
1528705643.0,68159206.0,6767.0,1.0,0.00278373
1528705648.0,68159208.0,6775.73,0.0,0.04392696
1528705650.0,68159211.0,6776.17,0.0,0.05071775
1528705652.0,68159214.0,6776.08,0.0,0.00632461
1528705656.0,68159216.0,6765.17,1.0,0.0017902
1528705658.0,68159218.0,6769.66,0.0,0.06575
1528705672.0,68159234.0,6774.18,0.0,0.002014
1528705673.0,68159236.0,6774.18,1.0,0.0979
1528705674.0,68159237.0,6774.18,1.0,8.6e-05
1528705677.0,68159241.0,6765.18,1.0,0.06584791
1528705678.0,68159243.0,6765.0,1.0,0.0012
1528705679.0,68159245.0,6764.86,1.0,0.01
1528705679.0,68159246.0,6772.9,0.0,0.08270394
1528705679.0,68159247.0,6765.0,1.0,4.77
1528705680.0,68159248.0,6763.42,1.0,0.23
1528705681.0,68159249.0,6763.42,1.0,1.572
1528705682.0,68159252.0,6762.3,1.0,0.22443
1528705683.0,68159254.0,6772.8,0.0,0.006009
1528705683.0,68159255.0,6770.81,0.0,0.04892695
1528705684.0,68159256.0,6772.8,0.0,0.061799
1528705688.0,68159259.0,6771.96,0.0,0.12534237
1528705693.0,68159266.0,6762.8,1.0,0.01315
1528705695.0,68159267.0,6772.25,0.0,0.04237931
1528705698.0,68159269.0,6765.08,0.0,0.08113423
1528705703.0,68159270.0,6772.49,0.0,0.01648928
1528705707.0,68159272.0,6772.8,0.0,0.0348
1528705707.0,68159273.0,6772.9,0.0,0.224208
1528705707.0,68159275.0,6773.0,1.0,0.22
1528705707.0,68159276.0,6773.0,1.0,0.520992
1528705708.0,68159277.0,6772.66,0.0,0.03297852
1528705711.0,68159280.0,6763.3,1.0,1.4765
1528705711.0,68159281.0,6762.81,1.0,0.08110768
1528705711.0,68159282.0,6760.8,1.0,0.01
1528705728.0,68159309.0,6767.56,0.0,0.01
1528705729.0,68159310.0,6767.56,1.0,0.0273258
1528705729.0,68159311.0,6767.56,1.0,0.1501
1528705729.0,68159312.0,6767.56,1.0,5.979e-05
1528705731.0,68159313.0,6760.34,1.0,0.0775
1528705732.0,68159318.0,6760.2,1.0,0.72840113
1528705735.0,68159322.0,6768.88,0.0,0.1489
1528705736.0,68159323.0,6772.4,1.0,0.8511
1528705738.0,68159324.0,6760.33,1.0,0.5
1528705742.0,68159332.0,6772.58,0.0,0.004635
1528705743.0,68159337.0,6772.58,1.0,0.0139
1528705743.0,68159338.0,6772.58,1.0,9.023e-05
1528705743.0,68159340.0,6760.41,1.0,0.15037228
1528705749.0,68159345.0,6767.92,0.0,0.00275306
1528705750.0,68159347.0,6762.5,0.0,0.0812139
1528705751.0,68159348.0,6767.0,1.0,9.9187861
1528705764.0,68159354.0,6768.4,0.0,0.44273074
1528705767.0,68159356.0,6769.23,0.0,0.01695768
1528705776.0,68159359.0,6766.98,0.0,0.01
1528705778.0,68159360.0,6759.09,1.0,0.27116922
1528705794.0,68159369.0,6774.3,0.0,0.01099235
1528705799.0,68159373.0,6774.9,0.0,0.01921653
1528705804.0,68159388.0,6775.4,0.0,0.00440206
1528705805.0,68159393.0,6768.94,1.0,0.10612554
1528705814.0,68159553.0,6778.3,0.0,0.03494976
1528705817.0,68159580.0,6778.22,0.0,0.05085856
1528705829.0,68159590.0,6779.16,0.0,0.08790262
1528705831.0,68159592.0,6770.8,1.0,0.2015343
1528705833.0,68159595.0,6779.04,0.0,0.06783073
1528705835.0,68159598.0,6770.68,1.0,0.00932234
1528705839.0,68159603.0,6770.4,1.0,0.7032
1528705839.0,68159604.0,6770.3,1.0,0.01
1528705839.0,68159605.0,6769.13,1.0,0.5336
1528705839.0,68159606.0,6769.01,1.0,0.08113496
1528705840.0,68159609.0,6768.22,0.0,0.7014
1528705840.0,68159611.0,6768.22,0.0,0.07377124
1528705844.0,68159615.0,6774.5,0.0,0.01098213
1528705849.0,68159616.0,6774.98,0.0,0.00549087
1528705854.0,68159618.0,6775.14,0.0,0.00164828
1528705863.0,68159619.0,6773.76,0.0,0.068721
1528705864.0,68159620.0,6777.07,0.0,0.01
1528705864.0,68159621.0,6777.77,0.0,0.00098183
1528705874.0,68159625.0,6775.19,0.0,0.02371492
1528705876.0,68159626.0,6769.5,1.0,0.001
1528705880.0,68159627.0,6774.97,0.0,0.01534334
1528705894.0,68159638.0,6778.61,0.0,0.0775
1528705894.0,68159639.0,6778.89,0.0,0.03238479
1528705900.0,68159644.0,6770.0,1.0,0.00812036
1528705905.0,68159648.0,6777.0,0.0,0.0665315
1528705910.0,68159654.0,6777.0,0.0,0.00549421
1528705914.0,68159659.0,6777.0,0.0,0.00329654
1528705919.0,68159663.0,6777.0,0.0,0.01753
1528705920.0,68159664.0,6777.0,0.0,0.00714775
1528705922.0,68159669.0,6779.16,0.0,0.034333
1528705923.0,68159672.0,6779.16,0.0,0.83576438
1528705924.0,68159675.0,6777.99,1.0,0.01577728
1528705938.0,68159729.0,6777.11,1.0,0.0064974
1528705940.0,68159731.0,6783.0,0.0,0.001
1528705940.0,68159732.0,6784.35,0.0,0.00431261
1528705940.0,68159733.0,6784.99,0.0,0.00198928
1528705940.0,68159734.0,6787.39,0.0,0.08679994
1528705941.0,68159735.0,6777.11,1.0,0.0095026
1528705942.0,68159736.0,6777.11,1.0,0.01
1528705942.0,68159737.0,6775.7,1.0,0.2259
1528705942.0,68159738.0,6775.65,1.0,0.0868
1528705942.0,68159739.0,6775.41,1.0,0.023
1528705942.0,68159740.0,6773.71,1.0,0.017
1528705944.0,68159741.0,6772.01,1.0,0.019
1528705945.0,68159742.0,6772.17,0.0,0.726718
1528705945.0,68159744.0,6772.17,0.0,0.007029
1528705950.0,68159747.0,6780.09,0.0,0.01099583
1528705955.0,68159748.0,6781.02,0.0,0.09
1528705957.0,68159751.0,6778.01,1.0,0.07146556
1528705957.0,68159752.0,6773.32,1.0,0.101
1528705958.0,68159753.0,6770.95,0.0,0.75244657
1528705960.0,68159754.0,6777.9,0.0,0.01540157
1528705962.0,68159761.0,6783.81,0.0,0.2256721
1528705969.0,68159767.0,6783.89,0.0,0.01
1528705969.0,68159768.0,6787.37,0.0,0.08103286
1528705969.0,68159769.0,6787.39,0.0,0.81852669
1528705969.0,68159770.0,6789.01,0.0,0.015018
1528705969.0,68159771.0,6789.88,0.0,0.0775
1528705969.0,68159772.0,6789.9,0.0,0.50663458
1528705971.0,68159774.0,6787.28,0.0,0.04170062
1528705980.0,68159776.0,6789.99,0.0,0.01815223
1528705982.0,68159778.0,6787.28,1.0,0.04780825
1528705984.0,68159781.0,6787.28,1.0,0.15219175
1528705990.0,68159783.0,6789.04,0.0,0.00693
1528705999.0,68159787.0,6779.65,1.0,0.001
1528706000.0,68159789.0,6786.94,0.0,0.01096786
1528706007.0,68159794.0,6779.65,1.0,0.017
1528706007.0,68159795.0,6777.95,1.0,0.02
1528706008.0,68159796.0,6777.06,1.0,0.225671
1528706010.0,68159797.0,6777.0,1.0,0.1
1528706010.0,68159798.0,6777.0,1.0,0.01
1528706010.0,68159799.0,6776.25,1.0,0.016
1528706011.0,68159800.0,6775.6,1.0,1.7669
1528706011.0,68159801.0,6774.55,1.0,0.02
1528706011.0,68159802.0,6774.46,0.0,0.06345458
1528706012.0,68159804.0,6774.06,1.0,0.08115685
1528706030.0,68159809.0,6780.81,1.0,0.2
1528706040.0,68159818.0,6783.78,0.0,0.01
1528706042.0,68159819.0,6788.08,0.0,0.014596
1528706043.0,68159820.0,6779.56,1.0,0.04959221
1528706046.0,68159828.0,6788.08,0.0,0.00109739
1528706048.0,68159829.0,6781.45,0.0,0.08103811
1528706050.0,68159833.0,6790.55,0.0,0.00651553
1528706050.0,68159834.0,6790.97,0.0,0.00208147
1528706053.0,68159840.0,6790.97,0.0,0.07442561
1528706053.0,68159841.0,6782.9,1.0,0.00130806
1528706054.0,68159843.0,6785.85,0.0,0.02232768
1528706056.0,68159847.0,6790.97,0.0,0.05909219
1528706061.0,68159849.0,6790.97,0.0,0.01098004
1528706065.0,68159852.0,6790.96,1.0,0.11336579
1528706065.0,68159857.0,6790.97,0.0,0.85342069
1528706065.0,68159859.0,6790.99,0.0,0.0025767
1528706065.0,68159860.0,6790.99,0.0,0.00537464
1528706065.0,68159861.0,6790.99,0.0,0.00257684
1528706065.0,68159862.0,6790.99,0.0,0.00184045
1528706066.0,68159863.0,6790.99,0.0,0.00095682
1528706066.0,68159864.0,6790.99,0.0,0.00257694
1528706066.0,68159865.0,6791.14,0.0,0.01
1528706066.0,68159867.0,6791.23,0.0,0.05084431
1528706066.0,68159868.0,6792.0,0.0,0.03
1528706067.0,68159870.0,6792.28,0.0,1.97
1528706067.0,68159871.0,6792.28,0.0,2.0
1528706067.0,68159872.0,6792.28,0.0,5.0
1528706068.0,68159873.0,6792.28,0.0,3.53
1528706068.0,68159874.0,6792.99,0.0,0.00242884
1528706069.0,68159878.0,6796.96,0.0,0.05239
1528706069.0,68159880.0,6796.99,0.0,0.00242739
1528706069.0,68159881.0,6796.99,0.0,0.00154445
1528706069.0,68159882.0,6796.99,0.0,0.00095628
1528706069.0,68159883.0,6796.99,0.0,0.00228028
1528706070.0,68159884.0,6797.93,0.0,0.00608162
1528706070.0,68159885.0,6797.93,0.0,0.00391838
1528706070.0,68159889.0,6799.4,0.0,1.99391838
1528706071.0,68159891.0,6799.4,0.0,4.99608162
1528706071.0,68159894.0,6799.4,0.0,5.0
1528706072.0,68159899.0,6799.4,0.0,0.00608162
1528706072.0,68159901.0,6799.4,0.0,0.00391838
1528706072.0,68159905.0,6799.4,0.0,9.70820759
1528706073.0,68159907.0,6799.99,0.0,0.00213221
1528706073.0,68159908.0,6799.99,0.0,0.0028674
1528706073.0,68159910.0,6799.99,0.0,0.00095552
1528706073.0,68159912.0,6800.0,0.0,1.0
1528706073.0,68159916.0,6803.34,1.0,0.00213212
1528706075.0,68159926.0,6804.47,0.0,0.2
1528706076.0,68159933.0,6807.99,0.0,0.04824
1528706076.0,68159934.0,6807.99,0.0,0.00257009
1528706077.0,68159935.0,6808.0,0.0,0.27131252
1528706077.0,68159936.0,6808.16,0.0,0.01
1528706077.0,68159937.0,6809.26,0.0,4.66787739
1528706078.0,68159940.0,6809.26,0.0,0.33212261
1528706078.0,68159941.0,6809.26,0.0,2.0
1528706078.0,68159943.0,6809.26,0.0,4.66787739
1528706079.0,68159944.0,6809.26,0.0,0.83212261
1528706079.0,68159946.0,6809.99,0.0,0.00124789
1528706080.0,68159947.0,6811.35,0.0,1.0
1528706080.0,68159948.0,6811.99,0.0,0.00256894
1528706080.0,68159951.0,6812.58,1.0,0.00154121
1528706080.0,68159953.0,6811.34,1.0,0.007346
1528706081.0,68159955.0,6813.5,0.0,0.15261
1528706081.0,68159958.0,6815.6,0.0,0.01
1528706081.0,68159959.0,6820.44,0.0,0.00965
1528706081.0,68159960.0,6820.45,0.0,7.0
1528706081.0,68159961.0,6821.25,0.0,0.00601063
1528706082.0,68159962.0,6823.66,0.0,6.63222669
1528706082.0,68159963.0,6823.66,0.0,1.75472546
1528706083.0,68159964.0,6820.99,0.0,0.00095288
1528706083.0,68159965.0,6823.16,0.0,0.003
1528706084.0,68159966.0,6823.9,0.0,0.00481326
1528706084.0,68159967.0,6824.47,0.0,0.2
1528706084.0,68159968.0,6826.28,0.0,0.29218674
1528706084.0,68159969.0,6816.2,0.0,0.05848479
1528706084.0,68159970.0,6823.67,1.0,0.05219175
1528706085.0,68159971.0,6823.99,0.0,0.00095212
1528706085.0,68159975.0,6817.5,0.0,0.38399908
1528706085.0,68159977.0,6826.28,0.0,1.0066744
1528706086.0,68159980.0,6823.99,0.0,0.00139208
1528706086.0,68159981.0,6826.28,0.0,0.1341203
1528706091.0,68160021.0,6826.28,0.0,0.19586541
1528706091.0,68160023.0,6826.28,0.0,3.51160954
1528706091.0,68160032.0,6826.28,0.0,0.00192016
1528706092.0,68160041.0,6826.28,0.0,0.16286478
1528706092.0,68160046.0,6826.28,0.0,0.17360713
1528706094.0,68160057.0,6826.28,0.0,4.0
1528706095.0,68160061.0,6826.28,0.0,0.01
1528706097.0,68160069.0,6822.35,1.0,0.20850892
1528706099.0,68160076.0,6826.28,0.0,1.9255
1528706099.0,68160079.0,6826.28,0.0,0.14612644
1528706100.0,68160092.0,6826.28,0.0,0.0128
1528706100.0,68160098.0,6826.28,0.0,0.88126553
1528706101.0,68160102.0,6826.99,0.0,0.00109829
1528706101.0,68160105.0,6826.99,0.0,0.00109826
1528706102.0,68160111.0,6826.99,0.0,0.00095179
1528706102.0,68160113.0,6826.99,0.0,0.00270953
1528706102.0,68160114.0,6826.99,0.0,0.00212348
1528706102.0,68160116.0,6826.99,0.0,0.00285612
1528706102.0,68160117.0,6826.99,0.0,0.00197733
1528706102.0,68160119.0,6826.99,0.0,0.00183062
1528706102.0,68160120.0,6828.56,0.0,0.03602
1528706102.0,68160122.0,6828.57,0.0,0.01
1528706102.0,68160123.0,6828.99,0.0,0.0009516
1528706102.0,68160124.0,6835.0,0.0,0.04057953
1528706103.0,68160126.0,6835.0,0.0,0.07809444
1528706103.0,68160128.0,6835.0,0.0,0.01
1528706104.0,68160131.0,6830.2,1.0,0.051414
1528706105.0,68160134.0,6830.2,1.0,0.0773191
1528706105.0,68160136.0,6834.99,1.0,0.0013897
1528706105.0,68160139.0,6835.0,0.0,0.06744696
1528706105.0,68160145.0,6835.0,0.0,0.00387907
1528706105.0,68160147.0,6835.13,0.0,0.07012356
1528706106.0,68160148.0,6834.99,0.0,0.00256007
1528706106.0,68160149.0,6835.13,0.0,0.05600337
1528706107.0,68160152.0,6835.13,0.0,0.030167
1528706107.0,68160154.0,6835.13,0.0,0.07314072
1528706108.0,68160157.0,6830.3,0.0,0.01388893
1528706109.0,68160159.0,6835.13,0.0,0.034388
1528706110.0,68160164.0,6831.22,1.0,1.5
1528706110.0,68160165.0,6830.2,1.0,0.042845
1528706111.0,68160166.0,6828.2,0.0,0.5697
1528706111.0,68160167.0,6828.2,0.0,1.5
1528706111.0,68160168.0,6828.2,0.0,0.0661712
1528706111.0,68160170.0,6828.2,0.0,1.463
1528706113.0,68160175.0,6825.73,1.0,0.6
1528706114.0,68160176.0,6826.06,1.0,1.5
1528706115.0,68160183.0,6828.99,0.0,0.0019998
1528706117.0,68160200.0,6828.38,1.0,0.0690211
1528706117.0,68160204.0,6828.09,1.0,0.13154481
1528706117.0,68160209.0,6828.99,0.0,0.00012336
1528706117.0,68160210.0,6828.99,0.0,0.00183006
1528706118.0,68160212.0,6828.99,0.0,0.00153737
1528706118.0,68160213.0,6835.22,0.0,0.001548
1528706118.0,68160217.0,6835.22,1.0,0.01951462
1528706118.0,68160218.0,6835.22,1.0,0.04203269
1528706119.0,68160221.0,6823.53,1.0,0.06154731
1528706120.0,68160224.0,6824.36,1.0,1.5
1528706120.0,68160225.0,6823.55,1.0,1.452
1528706120.0,68160226.0,6823.53,1.0,0.04455269
1528706121.0,68160227.0,6822.52,1.0,1.452
1528706121.0,68160228.0,6821.33,1.0,0.012
1528706121.0,68160229.0,6819.62,1.0,0.012
1528706121.0,68160230.0,6819.24,1.0,4.4556
1528706122.0,68160231.0,6822.26,1.0,0.09611243
1528706123.0,68160237.0,6819.99,0.0,0.00124601
1528706123.0,68160239.0,6823.2,1.0,0.00875399
1528706123.0,68160240.0,6819.4,1.0,1.4615
1528706123.0,68160243.0,6819.19,1.0,2.376
1528706124.0,68160245.0,6818.22,0.0,2.1939
1528706125.0,68160246.0,6817.22,1.0,0.9614
1528706125.0,68160247.0,6817.15,0.0,0.0595984
1528706126.0,68160250.0,6817.22,1.0,1.3924016
1528706126.0,68160261.0,6816.98,0.0,0.14411528
1528706127.0,68160267.0,6815.36,0.0,0.581
1528706127.0,68160272.0,6813.83,1.0,4.2754
1528706128.0,68160277.0,6812.57,0.0,0.08914142
1528706128.0,68160286.0,6813.04,0.0,0.1542
1528706130.0,68160295.0,6811.34,1.0,1.0
1528706132.0,68160301.0,6816.98,1.0,0.556
1528706132.0,68160303.0,6816.98,1.0,5.823e-05
1528706133.0,68160304.0,6809.01,0.0,0.01
1528706136.0,68160314.0,6810.0,1.0,0.01
1528706136.0,68160315.0,6809.01,1.0,0.07276405
1528706136.0,68160317.0,6808.37,1.0,0.003
1528706137.0,68160318.0,6807.88,1.0,0.09792
1528706140.0,68160319.0,6811.34,0.0,0.0128
1528706140.0,68160320.0,6811.34,0.0,9.313e-05
1528706142.0,68160321.0,6817.87,0.0,0.02180513
1528706142.0,68160323.0,6814.77,1.0,2.0
1528706142.0,68160324.0,6810.0,0.0,0.04
1528706150.0,68160331.0,6818.15,0.0,0.01
1528706150.0,68160332.0,6818.99,0.0,0.00109954
1528706151.0,68160333.0,6819.19,1.0,0.08046677
1528706152.0,68160334.0,6819.19,1.0,5.0
1528706155.0,68160338.0,6821.56,0.0,0.401
1528706155.0,68160339.0,6821.56,0.0,0.04
1528706156.0,68160340.0,6821.56,0.0,0.00480677
1528706166.0,68160349.0,6821.56,0.0,0.025791
1528706167.0,68160350.0,6821.56,0.0,0.52840223
1528706167.0,68160351.0,6821.99,0.0,0.00212541
1528706167.0,68160352.0,6821.99,0.0,0.00183227
1528706168.0,68160353.0,6821.99,0.0,0.00256508
1528706168.0,68160354.0,6822.45,0.0,0.00090064
1528706168.0,68160355.0,6824.69,0.0,0.06787536
1528706176.0,68160356.0,6819.2,1.0,0.01
1528706176.0,68160357.0,6824.68,0.0,0.00644624
1528706191.0,68160379.0,6824.68,0.0,0.00543225
1528706199.0,68160385.0,6821.0,1.0,0.3
1528706200.0,68160386.0,6820.0,1.0,0.01
1528706202.0,68160387.0,6820.01,0.0,0.00218286
1528706202.0,68160388.0,6818.15,1.0,0.063
1528706204.0,68160389.0,6816.45,1.0,0.014
1528706204.0,68160390.0,6816.37,1.0,0.01
1528706205.0,68160391.0,6814.75,1.0,0.017
1528706207.0,68160398.0,6813.05,1.0,0.015
1528706207.0,68160399.0,6811.71,1.0,0.02190067
1528706210.0,68160404.0,6815.0,1.0,0.17
1528706211.0,68160405.0,6811.71,1.0,0.001
1528706216.0,68160409.0,6819.91,0.0,0.04775094
1528706216.0,68160410.0,6819.92,0.0,0.1
1528706219.0,68160412.0,6811.35,1.0,0.016
1528706220.0,68160415.0,6819.18,0.0,0.01
1528706222.0,68160423.0,6810.18,1.0,0.02
1528706222.0,68160424.0,6810.0,1.0,0.01
1528706222.0,68160426.0,6809.65,1.0,0.012
1528706222.0,68160427.0,6809.56,1.0,0.01
1528706223.0,68160428.0,6809.28,1.0,0.28397462
1528706223.0,68160429.0,6816.37,0.0,0.01
1528706223.0,68160430.0,6819.18,0.0,0.007138
1528706223.0,68160431.0,6809.48,1.0,0.1897
1528706224.0,68160432.0,6809.28,1.0,1.25002538
1528706224.0,68160433.0,6808.26,1.0,0.08254
1528706225.0,68160434.0,6819.17,0.0,0.012781
1528706225.0,68160435.0,6807.95,1.0,0.014
1528706229.0,68160440.0,6806.27,1.0,1.452
1528706231.0,68160441.0,6807.73,1.0,0.017251
1528706235.0,68160451.0,6805.21,1.0,0.0775
1528706235.0,68160452.0,6805.1,1.0,0.0225
1528706237.0,68160453.0,6816.05,0.0,0.00327453
1528706247.0,68160465.0,6812.81,0.0,0.10955778
1528706248.0,68160466.0,6806.27,1.0,3.80897922
1528706248.0,68160467.0,6806.27,1.0,1.19102078
1528706252.0,68160471.0,6812.87,0.0,0.00272929
1528706255.0,68160475.0,6805.1,1.0,0.01
1528706255.0,68160476.0,6805.1,0.0,0.00361
1528706257.0,68160481.0,6809.38,0.0,0.223284
1528706257.0,68160483.0,6809.38,1.0,0.16270708
1528706263.0,68160489.0,6801.3,1.0,0.00138242
1528706267.0,68160497.0,6810.61,0.0,0.1
1528706278.0,68160505.0,6810.61,0.0,0.00220394
1528706281.0,68160511.0,6810.6,0.0,0.08064516
1528706281.0,68160512.0,6810.61,1.0,0.31935484
1528706287.0,68160522.0,6810.71,0.0,0.002952
1528706288.0,68160523.0,6810.71,0.0,0.19479542
1528706288.0,68160524.0,6810.72,0.0,0.4656
1528706288.0,68160525.0,6811.91,0.0,0.01
1528706289.0,68160526.0,6818.27,1.0,0.5325
1528706289.0,68160527.0,6818.27,1.0,3.015e-05
1528706289.0,68160528.0,6802.0,1.0,0.03842254
1528706290.0,68160536.0,6805.35,0.0,0.0880072
1528706292.0,68160541.0,6805.37,1.0,0.01377854
1528706293.0,68160543.0,6803.59,0.0,0.1451783
1528706293.0,68160544.0,6803.59,0.0,0.0035
1528706295.0,68160546.0,6802.11,1.0,0.08063761
1528706296.0,68160547.0,6802.0,1.0,0.06157746
1528706296.0,68160549.0,6801.15,1.0,1.0
1528706300.0,68160553.0,6800.0,1.0,0.01
1528706300.0,68160554.0,6800.03,1.0,0.1
1528706314.0,68160561.0,6799.26,1.0,0.00187615
1528706316.0,68160564.0,6800.84,1.0,0.9981
1528706317.0,68160565.0,6799.08,1.0,0.5979
1528706318.0,68160566.0,6810.6,0.0,0.01092737
1528706323.0,68160567.0,6807.74,0.0,0.08075647
1528706342.0,68160576.0,6810.58,0.0,0.999809
1528706343.0,68160578.0,6810.0,0.0,0.025
1528706344.0,68160579.0,6811.35,0.0,0.00273268
1528706353.0,68160582.0,6811.35,0.0,0.003171
1528706363.0,68160589.0,6811.09,0.0,0.68824795
1528706368.0,68160591.0,6810.91,0.0,0.00356925
1528706372.0,68160593.0,6804.1,1.0,0.011
1528706374.0,68160595.0,6811.35,0.0,0.03641081
1528706376.0,68160597.0,6811.35,0.0,0.13912513
1528706390.0,68160611.0,6811.35,0.0,0.01290006
1528706399.0,68160618.0,6811.32,0.0,0.05
1528706402.0,68160620.0,6811.31,0.0,0.00426
1528706404.0,68160621.0,6811.31,0.0,0.01092973
1528706405.0,68160626.0,6803.31,1.0,0.3
1528706405.0,68160627.0,6803.3,1.0,0.6916
1528706406.0,68160628.0,6803.0,0.0,0.0084
1528706408.0,68160629.0,6811.31,0.0,0.0173
1528706414.0,68160639.0,6803.31,1.0,0.06984645
1528706414.0,68160640.0,6801.4,1.0,0.011
1528706415.0,68160642.0,6800.0,1.0,0.08075647
1528706415.0,68160643.0,6800.0,1.0,0.19824353
1528706416.0,68160644.0,6799.7,1.0,0.012
1528706416.0,68160645.0,6798.3,1.0,0.01
1528706419.0,68160646.0,6801.39,0.0,0.01954595
1528706421.0,68160649.0,6801.39,0.0,1.48045405
1528706421.0,68160650.0,6801.39,1.0,0.7695
1528706421.0,68160651.0,6801.39,1.0,4.595e-05
1528706423.0,68160652.0,6794.41,1.0,0.836
1528706423.0,68160654.0,6792.4,1.0,0.004
1528706429.0,68160674.0,6792.28,1.0,0.00243724
1528706430.0,68160679.0,6798.69,0.0,0.01191525
1528706433.0,68160683.0,6792.28,1.0,12.52256276
1528706434.0,68160684.0,6790.96,1.0,1.0
1528706435.0,68160685.0,6789.07,1.0,0.01414038
1528706439.0,68160686.0,6795.36,0.0,0.03130923
1528706449.0,68160702.0,6800.0,0.0,0.00547518
1528706450.0,68160703.0,6787.66,1.0,0.00184962
1528706456.0,68160705.0,6794.45,0.0,0.00184962
1528706460.0,68160711.0,6798.5,0.0,0.0120428
1528706469.0,68160719.0,6794.97,0.0,0.00547803
1528706476.0,68160730.0,6787.75,1.0,0.260385
1528706480.0,68160735.0,6789.35,1.0,0.146802
1528706493.0,68160740.0,6788.0,1.0,0.00184962
1528706495.0,68160741.0,6787.66,1.0,0.00815038
1528706497.0,68160743.0,6792.13,0.0,0.05075612
1528706498.0,68160745.0,6785.86,1.0,0.079546
1528706515.0,68160758.0,6794.45,0.0,0.00815038
1528706522.0,68160762.0,6793.93,0.0,0.06323042
1528706522.0,68160763.0,6798.06,0.0,0.02160158
1528706529.0,68160767.0,6797.65,0.0,0.08219451
1528706532.0,68160768.0,6788.32,1.0,0.00626723
1528706532.0,68160769.0,6788.0,1.0,0.003626
1528706542.0,68160779.0,6793.84,0.0,0.05
1528706549.0,68160786.0,6786.35,1.0,0.015493
1528706552.0,68160788.0,6788.59,1.0,0.08078499
1528706555.0,68160791.0,6793.84,0.0,0.01951172
1528706556.0,68160792.0,6786.7,0.0,14.12688808
1528706560.0,68160793.0,6793.82,0.0,0.2096
1528706560.0,68160795.0,6797.64,0.0,0.0647339
1528706564.0,68160797.0,6786.0,1.0,1.0
1528706564.0,68160798.0,6784.92,1.0,0.0775
1528706564.0,68160799.0,6784.9,1.0,1.8481
1528706565.0,68160800.0,6784.8,1.0,0.01
1528706565.0,68160801.0,6783.64,0.0,1.8494
1528706565.0,68160802.0,6783.35,1.0,1.452
1528706565.0,68160803.0,6783.2,0.0,1.5
1528706566.0,68160804.0,6783.2,0.0,1.08211198
1528706569.0,68160805.0,6782.13,1.0,0.00215549
1528706574.0,68160810.0,6786.34,1.0,0.06489815
1528706574.0,68160812.0,6785.32,0.0,1.0
1528706574.0,68160815.0,6785.32,0.0,0.09026236
1528706574.0,68160816.0,6791.57,0.0,0.1288949
1528706576.0,68160818.0,6791.58,0.0,0.01
1528706576.0,68160819.0,6791.73,0.0,0.00456
1528706580.0,68160822.0,6782.13,1.0,0.00227091
1528706598.0,68160868.0,6783.0,1.0,0.104961
1528706610.0,68160888.0,6790.11,0.0,0.30095048
1528706612.0,68160889.0,6790.21,0.0,0.141583
1528706612.0,68160890.0,6790.49,0.0,0.08095581
1528706615.0,68160891.0,6794.54,0.0,0.27428571
1528706630.0,68160901.0,6796.22,0.0,0.16445636
1528706633.0,68160904.0,6788.75,1.0,0.01
1528706637.0,68160908.0,6784.13,0.0,5.0
1528706637.0,68160909.0,6784.13,0.0,0.49088458
1528706642.0,68160923.0,6795.54,0.0,0.00425316
1528706643.0,68160924.0,6795.54,0.0,0.00574684
1528706644.0,68160925.0,6797.7,1.0,0.0403822
1528706645.0,68160926.0,6800.37,0.0,0.54916756
1528706645.0,68160927.0,6797.7,1.0,0.08997196
1528706653.0,68160982.0,6795.0,1.0,0.2
1528706655.0,68160983.0,6790.67,1.0,0.01
1528706655.0,68160984.0,6790.21,1.0,0.02472718
1528706655.0,68160985.0,6786.52,1.0,0.05520074
1528706659.0,68160986.0,6791.48,1.0,0.011
1528706660.0,68160988.0,6790.98,0.0,0.0728
1528706663.0,68160990.0,6795.44,0.0,0.02759578
1528706673.0,68160995.0,6786.52,1.0,0.00101016
1528706675.0,68160996.0,6796.4,0.0,0.05886321
1528706683.0,68161000.0,6796.01,0.0,0.03714255
1528706701.0,68161052.0,6795.82,0.0,0.02072151
1528706708.0,68161095.0,6789.1,1.0,0.20357226
1528706716.0,68161128.0,6797.06,0.0,0.11010511
1528706723.0,68161179.0,6797.43,1.0,0.0156284
1528706723.0,68161180.0,6797.43,1.0,0.03646628
1528706724.0,68161181.0,6789.0,1.0,0.395
1528706724.0,68161182.0,6788.66,1.0,0.045
1528706724.0,68161183.0,6788.31,1.0,0.08092484
1528706724.0,68161185.0,6787.95,0.0,5.0
1528706725.0,68161186.0,6787.95,0.0,5.0
1528706725.0,68161187.0,6787.95,0.0,2.0
1528706729.0,68161190.0,6786.96,1.0,0.041
1528706729.0,68161191.0,6786.53,1.0,0.207373
1528706731.0,68161192.0,6789.15,0.0,0.00547735
1528706731.0,68161193.0,6785.26,1.0,0.04
1528706732.0,68161194.0,6783.89,1.0,0.01
1528706732.0,68161195.0,6783.56,1.0,0.041
1528706737.0,68161197.0,6787.0,1.0,0.1
1528706750.0,68161202.0,6789.5,0.0,0.00267622
1528706751.0,68161203.0,6789.5,0.0,2.5035277
1528706751.0,68161204.0,6790.67,0.0,0.01
1528706754.0,68161228.0,6787.94,0.0,0.08093222
1528706766.0,68161258.0,6791.82,0.0,0.05481512
1528706781.0,68161269.0,6789.76,0.0,0.18657544
1528706781.0,68161270.0,6793.96,0.0,0.03267496
1528706800.0,68161325.0,6785.13,1.0,0.00195045
1528706806.0,68161328.0,6785.17,1.0,1.5
1528706806.0,68161329.0,6785.13,1.0,0.01704955
1528706806.0,68161330.0,6784.31,1.0,0.08097549
1528706807.0,68161331.0,6783.89,1.0,0.01
1528706807.0,68161332.0,6783.7,1.0,1.4724
1528706807.0,68161333.0,6783.61,1.0,4.756
1528706807.0,68161334.0,6783.43,1.0,0.02
1528706807.0,68161335.0,6783.08,0.0,0.0789
1528706808.0,68161336.0,6781.73,1.0,0.017
1528706808.0,68161337.0,6783.16,0.0,1.09723823
1528706810.0,68161339.0,6783.26,1.0,0.99992037
1528706811.0,68161340.0,6781.02,0.0,5.924
1528706811.0,68161341.0,6781.02,0.0,1.81303626
1528706811.0,68161342.0,6790.4,0.0,0.03836535
1528706813.0,68161344.0,6785.26,0.0,0.94
1528706815.0,68161348.0,6780.81,1.0,1.5
1528706815.0,68161349.0,6780.8,1.0,1.0
1528706816.0,68161350.0,6780.69,1.0,0.032792
1528706816.0,68161351.0,6780.41,0.0,1.5
1528706823.0,68161367.0,6782.39,0.0,0.02022152
1528706823.0,68161369.0,6788.66,0.0,0.0010615
1528706823.0,68161370.0,6790.67,0.0,0.01
1528706823.0,68161371.0,6790.97,0.0,0.02806998
1528706825.0,68161374.0,6786.59,1.0,1.5
1528706825.0,68161375.0,6780.03,1.0,0.017
1528706826.0,68161376.0,6780.0,1.0,0.19
1528706826.0,68161377.0,6778.33,1.0,0.021
1528706827.0,68161378.0,6778.23,0.0,1.5
1528706831.0,68161383.0,6783.56,0.0,0.00101108
1528706831.0,68161384.0,6789.37,0.0,0.00172967
1528706834.0,68161387.0,6781.61,1.0,0.014
1528706834.0,68161388.0,6779.91,1.0,0.013
1528706835.0,68161389.0,6778.3,1.0,1.4724
1528706835.0,68161390.0,6778.23,0.0,3.03009919
1528706835.0,68161391.0,6778.73,0.0,3.76390081
1528706835.0,68161395.0,6778.22,1.0,1.5
1528706836.0,68161397.0,6778.21,1.0,0.014
1528706836.0,68161405.0,6778.73,0.0,0.76599696
1528706838.0,68161436.0,6781.18,1.0,7.3227422
1528706840.0,68161452.0,6777.28,1.0,1.5
1528706840.0,68161453.0,6777.1,1.0,0.01
1528706849.0,68161457.0,6777.17,1.0,0.13124056
1528706852.0,68161459.0,6782.22,0.0,0.00549616
1528706853.0,68161462.0,6782.22,0.0,0.37872147
1528706855.0,68161465.0,6781.39,0.0,5.0
1528706855.0,68161467.0,6781.39,0.0,2.31934601
1528706856.0,68161469.0,6783.88,0.0,0.01
1528706857.0,68161470.0,6786.94,0.0,0.21934151
1528706857.0,68161471.0,6786.94,0.0,0.00540449
1528706862.0,68161473.0,6788.73,0.0,0.08095629
1528706862.0,68161476.0,6790.97,0.0,0.91904371
1528706863.0,68161487.0,6790.97,0.0,0.05288631
1528706863.0,68161493.0,6790.99,1.0,0.3659673
1528706864.0,68161499.0,6790.99,1.0,0.58114639
1528706866.0,68161531.0,6797.4,0.0,0.10975594
1528706870.0,68161532.0,6789.39,0.0,0.01829836
1528706878.0,68161534.0,6792.39,0.0,0.00091492
1528706878.0,68161535.0,6797.46,0.0,0.01
1528706878.0,68161536.0,6800.0,0.0,0.00825541
1528706882.0,68161537.0,6795.8,0.0,0.02392353
1528706883.0,68161541.0,6790.0,1.0,0.2
1528706884.0,68161544.0,6788.73,1.0,0.63761929
1528706885.0,68161545.0,6788.73,1.0,5.0
1528706885.0,68161546.0,6795.67,0.0,0.006808
1528706885.0,68161547.0,6788.73,1.0,2.0
1528706885.0,68161548.0,6788.73,1.0,0.43601752
1528706886.0,68161549.0,6785.57,1.0,0.08099423
1528706887.0,68161550.0,6783.89,1.0,0.01
1528706888.0,68161551.0,6782.93,1.0,0.226284
1528706900.0,68161605.0,6788.09,0.0,0.38350003
1528706907.0,68161606.0,6790.67,0.0,0.01
1528706907.0,68161607.0,6791.86,0.0,0.003204
1528706919.0,68161610.0,6788.53,0.0,0.36528378
1528706922.0,68161611.0,6791.86,0.0,0.00109634
1528706924.0,68161618.0,6786.99,0.0,0.32997299
1528706925.0,68161622.0,6786.99,0.0,0.35782677
1528706932.0,68161674.0,6789.15,0.0,0.14367781
1528706942.0,68161677.0,6786.69,0.0,0.084293
1528706942.0,68161678.0,6786.69,0.0,5.0
1528706943.0,68161679.0,6786.69,0.0,0.89041717
1528706944.0,68161680.0,6787.97,0.0,0.49277774
1528706947.0,68161681.0,6787.58,0.0,0.08099491
1528706949.0,68161686.0,6788.59,1.0,0.02463889
1528706952.0,68161687.0,6794.87,0.0,0.16901651
1528706955.0,68161689.0,6793.43,0.0,0.00123195
1528706959.0,68161700.0,6794.87,0.0,0.05296949
1528706967.0,68161703.0,6798.59,0.0,0.005484
1528706970.0,68161705.0,6790.74,1.0,0.3
1528706970.0,68161707.0,6790.74,0.0,0.54
1528706976.0,68161708.0,6793.05,1.0,0.00173762
1528706977.0,68161709.0,6799.62,0.0,0.0602607
1528706982.0,68161713.0,6794.64,1.0,8.0572
1528706982.0,68161714.0,6794.64,1.0,4.654e-05
1528706982.0,68161715.0,6793.45,0.0,0.11123721
1528706982.0,68161716.0,6790.19,1.0,0.22621
1528706982.0,68161717.0,6790.19,1.0,0.01
1528706982.0,68161718.0,6790.0,1.0,2.89063034
1528706984.0,68161721.0,6789.4,1.0,0.08097202
1528706984.0,68161723.0,6789.1,1.0,1.7643
1528706985.0,68161724.0,6787.3,0.0,0.843
1528706988.0,68161726.0,6792.57,0.0,0.03286269
1528706993.0,68161728.0,6792.57,0.0,0.00273757
1528706996.0,68161732.0,6789.49,0.0,0.10504651
1528706996.0,68161733.0,6789.49,0.0,0.27767578
1528706998.0,68161734.0,6795.86,0.0,0.002
1528707002.0,68161735.0,6789.55,0.0,5.0
1528707002.0,68161737.0,6789.55,0.0,2.29085963
1528707003.0,68161738.0,6793.52,0.0,0.29222406
1528707003.0,68161739.0,6793.52,0.0,0.059524
1528707012.0,68161744.0,6792.64,0.0,0.00102758
1528707018.0,68161748.0,6792.56,0.0,0.08088247
1528707018.0,68161749.0,6792.64,0.0,0.04615973
1528707022.0,68161751.0,6790.52,0.0,0.0110183
1528707022.0,68161753.0,6785.02,1.0,0.01085593
1528707028.0,68161757.0,6789.46,0.0,0.30239925
1528707028.0,68161758.0,6790.52,0.0,0.00720885
1528707041.0,68161770.0,6786.87,1.0,0.02282884
1528707043.0,68161772.0,6793.64,0.0,0.01511996
1528707043.0,68161773.0,6796.27,0.0,0.1439
1528707043.0,68161774.0,6796.71,0.0,0.226206
1528707043.0,68161775.0,6796.98,0.0,0.01
1528707043.0,68161776.0,6799.62,0.0,0.59448249
1528707052.0,68161783.0,6791.91,1.0,5.0
1528707052.0,68161784.0,6791.91,1.0,3.03559868
1528707053.0,68161785.0,6791.05,0.0,0.00921022
1528707058.0,68161788.0,6799.62,0.0,0.0138
1528707059.0,68161789.0,6799.62,0.0,0.022885
1528707062.0,68161794.0,6796.56,0.0,0.09759937
1528707064.0,68161799.0,6796.56,0.0,7.53697537
1528707064.0,68161800.0,6800.0,0.0,0.19174459
1528707064.0,68161801.0,6801.15,0.0,1.0
1528707064.0,68161802.0,6802.8,1.0,1.27128004
1528707073.0,68161806.0,6791.96,1.0,0.01
1528707074.0,68161807.0,6791.1,1.0,0.0213
1528707074.0,68161808.0,6790.1,1.0,0.01
1528707074.0,68161809.0,6790.0,1.0,0.016
1528707074.0,68161810.0,6789.54,1.0,0.226218
1528707074.0,68161811.0,6786.94,0.0,0.08068835
1528707076.0,68161813.0,6792.24,1.0,0.039
1528707076.0,68161814.0,6790.96,1.0,1.0
1528707077.0,68161815.0,6790.54,1.0,0.00155327
1528707077.0,68161816.0,6790.74,0.0,0.6191956
1528707078.0,68161819.0,6790.54,1.0,0.03044673
1528707078.0,68161820.0,6790.74,0.0,0.01205399
1528707088.0,68161835.0,6795.96,0.0,0.01413042
1528707089.0,68161846.0,6795.96,1.0,0.03631195
1528707089.0,68161853.0,6795.96,1.0,0.01368805
1528707093.0,68161878.0,6796.89,0.0,0.01
1528707093.0,68161879.0,6797.59,0.0,0.01193996
1528707102.0,68161887.0,6791.29,1.0,0.01
1528707103.0,68161888.0,6791.0,1.0,1.13059978
1528707103.0,68161889.0,6790.0,1.0,0.01
1528707103.0,68161890.0,6789.4,1.0,0.2889
1528707104.0,68161891.0,6790.33,1.0,0.08974821
1528707104.0,68161892.0,6788.84,1.0,0.039
1528707108.0,68161895.0,6795.74,0.0,0.00273825
1528707117.0,68161901.0,6791.01,1.0,0.08090147
1528707123.0,68161907.0,6793.14,0.0,0.01094984
1528707127.0,68161909.0,6789.0,1.0,0.4
1528707128.0,68161910.0,6787.14,1.0,0.036
1528707129.0,68161911.0,6785.44,1.0,0.029
1528707129.0,68161912.0,6785.0,1.0,0.18365764
1528707129.0,68161914.0,6793.76,0.0,0.02190806
1528707130.0,68161918.0,6793.76,0.0,0.0157547
1528707140.0,68161923.0,6788.0,1.0,0.20605085
1528707142.0,68161925.0,6787.3,1.0,0.4053
1528707144.0,68161927.0,6787.0,1.0,1.0
1528707144.0,68161928.0,6786.2,0.0,0.0148
1528707146.0,68161950.0,6791.08,0.0,0.03
1528707150.0,68161983.0,6789.0,0.0,0.06979083
1528707153.0,68161989.0,6788.8,0.0,0.0809302
1528707153.0,68161990.0,6789.0,0.0,0.02415915
1528707161.0,68161996.0,6788.75,0.0,0.26123838
1528707161.0,68161998.0,6788.01,0.0,0.173929
1528707165.0,68162003.0,6787.16,0.0,0.08094016
1528707167.0,68162006.0,6785.0,1.0,0.26384236
1528707168.0,68162007.0,6785.0,1.0,1.5
1528707168.0,68162018.0,6784.51,1.0,0.01
1528707169.0,68162024.0,6783.66,1.0,0.018
1528707170.0,68162025.0,6784.74,0.0,0.03319548
1528707175.0,68162028.0,6784.74,0.0,0.88586436
1528707176.0,68162029.0,6784.74,1.0,2.36129323
1528707177.0,68162030.0,6781.96,1.0,0.023
1528707177.0,68162031.0,6780.8,1.0,1.0
1528707184.0,68162066.0,6785.05,0.0,0.04451002
1528707184.0,68162067.0,6788.73,0.0,0.18005095
1528707188.0,68162069.0,6786.19,0.0,0.00444516
1528707188.0,68162070.0,6788.73,0.0,0.09798425
1528707191.0,68162072.0,6782.54,1.0,0.017
1528707192.0,68162074.0,6780.84,1.0,0.018
1528707193.0,68162076.0,6784.96,0.0,0.08098871
1528707193.0,68162077.0,6788.73,0.0,0.03020763
1528707204.0,68162083.0,6790.9,0.0,0.01104891
1528707212.0,68162091.0,6790.97,0.0,0.5021477
1528707219.0,68162096.0,6784.78,1.0,0.3
1528707229.0,68162101.0,6786.14,1.0,5.0
1528707229.0,68162103.0,6786.14,1.0,1.19928475
1528707229.0,68162104.0,6790.8,0.0,0.0027397
1528707232.0,68162105.0,6790.89,0.0,0.05
1528707243.0,68162108.0,6784.79,1.0,0.0810006
1528707243.0,68162109.0,6784.47,0.0,0.340212
1528707250.0,68162114.0,6779.42,1.0,0.226378
1528707250.0,68162115.0,6779.14,1.0,0.019
1528707264.0,68162127.0,6783.96,0.0,0.00548115
1528707274.0,68162139.0,6778.6,1.0,0.5528
1528707275.0,68162140.0,6779.82,0.0,0.01
1528707279.0,68162143.0,6784.91,0.0,0.06134101
1528707285.0,68162144.0,6786.56,0.0,0.01085495
1528707295.0,68162146.0,6782.17,0.0,0.0009839
1528707298.0,68162150.0,6782.17,0.0,0.00948789
1528707300.0,68162153.0,6782.17,0.0,0.02741159
1528707303.0,68162154.0,6782.17,0.0,0.01247128
1528707304.0,68162156.0,6782.17,0.0,0.95833586
1528707305.0,68162158.0,6782.97,0.0,0.0701371
1528707305.0,68162159.0,6784.08,0.0,0.03956723
1528707305.0,68162160.0,6784.08,0.0,0.05146165
1528707315.0,68162164.0,6784.99,0.0,0.001
1528707316.0,68162165.0,6784.99,0.0,0.00128426
1528707316.0,68162166.0,6784.99,0.0,0.00287373
1528707316.0,68162167.0,6786.41,0.0,0.04234515
1528707320.0,68162168.0,6780.0,1.0,0.0010065
1528707324.0,68162171.0,6784.1,0.0,0.00651305
1528707334.0,68162175.0,6780.21,1.0,0.032846
1528707336.0,68162176.0,6783.75,0.0,5.0
1528707336.0,68162177.0,6783.75,0.0,5.0
1528707337.0,68162178.0,6783.75,0.0,0.08723374
1528707338.0,68162179.0,6784.9,0.0,0.41849826
1528707339.0,68162180.0,6784.99,0.0,0.00140001
1528707339.0,68162181.0,6784.99,0.0,0.00213693
1528707339.0,68162182.0,6784.99,0.0,0.00287371
1528707339.0,68162183.0,6784.99,0.0,0.00405267
1528707339.0,68162184.0,6784.99,0.0,0.00287389
1528707339.0,68162185.0,6784.99,0.0,0.00272636
1528707345.0,68162187.0,6786.99,0.0,0.00228352
1528707345.0,68162188.0,6786.99,0.0,0.00095753
1528707345.0,68162189.0,6789.42,0.0,0.03840972
1528707349.0,68162190.0,6786.19,0.0,0.22166832
1528707354.0,68162192.0,6785.39,0.0,0.02521809
1528707354.0,68162193.0,6785.96,1.0,0.8
1528707355.0,68162194.0,6780.71,1.0,0.00113424
1528707356.0,68162195.0,6786.99,0.0,0.00095728
1528707359.0,68162199.0,6787.24,1.0,0.26981959
1528707359.0,68162200.0,6789.99,0.0,0.00169354
1528707359.0,68162201.0,6789.99,0.0,0.00095705
1528707360.0,68162202.0,6789.99,0.0,0.00242969
1528707360.0,68162203.0,6789.99,0.0,0.00154636
1528707360.0,68162204.0,6789.99,0.0,0.00154638
1528707360.0,68162205.0,6789.99,0.0,0.00228254
1528707361.0,68162206.0,6790.97,0.0,0.4978523
1528707361.0,68162207.0,6790.99,0.0,0.00169315
1528707361.0,68162208.0,6790.99,0.0,0.00095698
1528707361.0,68162209.0,6791.29,0.0,0.01
1528707361.0,68162210.0,6792.7,0.0,0.187955
1528707363.0,68162211.0,6794.0,1.0,0.034079
1528707370.0,68162214.0,6792.5,0.0,0.01349098
1528707370.0,68162215.0,6792.99,0.0,0.00116968
1528707388.0,68162223.0,6792.99,0.0,0.00052298
1528707388.0,68162224.0,6792.99,0.0,0.00169263
1528707388.0,68162225.0,6792.99,0.0,0.00154544
1528707388.0,68162226.0,6792.99,0.0,0.00095648
1528707388.0,68162227.0,6792.99,0.0,0.00228171
1528707388.0,68162228.0,6793.99,0.0,0.00257566
1528707388.0,68162229.0,6795.99,0.0,0.00095641
1528707389.0,68162230.0,6796.78,0.0,0.00638529
1528707400.0,68162236.0,6789.39,1.0,0.0013794
1528707415.0,68162246.0,6796.92,0.0,0.10954617
1528707423.0,68162250.0,6796.8,0.0,0.006816
1528707424.0,68162251.0,6796.92,0.0,0.170369
1528707425.0,68162253.0,6796.92,0.0,0.00821605
1528707427.0,68162254.0,6796.8,0.0,1.471
1528707427.0,68162255.0,6796.99,0.0,0.00242726
1528707427.0,68162256.0,6796.99,0.0,0.00154463
1528707427.0,68162257.0,6796.99,0.0,0.00139748
1528707427.0,68162258.0,6796.99,0.0,0.00154477
1528707427.0,68162259.0,6796.99,0.0,0.00139761
1528707428.0,68162260.0,6796.99,0.0,0.00257433
1528707428.0,68162261.0,6796.99,0.0,0.00095627
1528707428.0,68162262.0,6796.99,0.0,0.00257452
1528707428.0,68162263.0,6796.99,0.0,0.00286891
1528707428.0,68162264.0,6798.08,0.0,0.01
1528707428.0,68162265.0,6798.98,1.0,0.13978616
1528707430.0,68162270.0,6797.05,0.0,0.00273696
1528707435.0,68162274.0,6796.84,0.0,0.00591572
1528707441.0,68162276.0,6796.98,0.0,0.01037179
1528707451.0,68162285.0,6796.99,0.0,0.00095599
1528707451.0,68162286.0,6796.99,0.0,0.00316281
1528707451.0,68162288.0,6796.99,0.0,0.00095627
1528707451.0,68162289.0,6796.99,0.0,0.0024274
1528707451.0,68162290.0,6797.99,0.0,0.00198568
1528707451.0,68162291.0,6797.99,0.0,0.00125006
1528707451.0,68162292.0,6797.99,0.0,0.00154436
1528707451.0,68162293.0,6797.99,0.0,0.00139727
1528707451.0,68162294.0,6799.99,0.0,0.00286757
1528707451.0,68162295.0,6800.0,0.0,0.03819358
1528707476.0,68162310.0,6798.68,0.0,0.00755947
1528707485.0,68162319.0,6798.72,0.0,0.00724695
1528707486.0,68162320.0,6798.8,0.0,0.042955
1528707491.0,68162322.0,6788.7,1.0,0.1
1528707511.0,68162380.0,6798.8,0.0,0.4931224
1528707516.0,68162381.0,6798.48,0.0,0.02188989
1528707527.0,68162383.0,6788.11,1.0,0.018735
1528707535.0,68162385.0,6797.24,0.0,0.10947887
1528707546.0,68162397.0,6796.73,0.0,0.00438722
1528707546.0,68162398.0,6796.73,0.0,0.042955
1528707556.0,68162399.0,6798.78,0.0,0.0775
1528707556.0,68162400.0,6798.8,0.0,0.03199031
1528707561.0,68162403.0,6797.95,0.0,0.10949031
1528707567.0,68162406.0,6797.95,0.0,0.01141
1528707571.0,68162407.0,6797.95,0.0,0.00273682
1528707579.0,68162411.0,6797.95,0.0,0.00169186
1528707602.0,68162421.0,6789.01,1.0,0.0540811
1528707606.0,68162426.0,6797.89,0.0,0.051546
1528707613.0,68162434.0,6789.42,0.0,0.31
1528707617.0,68162437.0,6797.89,0.0,0.01091182
1528707627.0,68162439.0,6797.66,0.0,0.04187314
1528707631.0,68162440.0,6797.1,0.0,0.05560758
1528707653.0,68162466.0,6788.14,1.0,0.00837159
1528707654.0,68162467.0,6788.14,0.0,1.11432841
1528707656.0,68162469.0,6788.2,1.0,0.20169548
1528707662.0,68162474.0,6797.65,0.0,0.01
1528707663.0,68162475.0,6797.65,0.0,0.07091031
1528707664.0,68162476.0,6797.66,0.0,0.36404125
1528707664.0,68162477.0,6798.99,0.0,0.00139684
1528707664.0,68162478.0,6798.99,0.0,0.002868
1528707664.0,68162479.0,6798.99,0.0,0.00213248
1528707664.0,68162480.0,6798.99,0.0,0.0013971
1528707664.0,68162481.0,6799.9,0.0,0.06749002
1528707665.0,68162482.0,6797.46,0.0,1.5
1528707665.0,68162483.0,6798.68,0.0,0.6378
1528707665.0,68162484.0,6799.9,0.0,1.40460998
1528707665.0,68162485.0,6799.99,0.0,0.0012499
1528707665.0,68162486.0,6799.99,0.0,0.00095579
1528707665.0,68162487.0,6799.99,0.0,0.00433817
1528707665.0,68162488.0,6799.99,0.0,0.0021323
1528707665.0,68162489.0,6800.0,0.0,0.16180642
1528707665.0,68162490.0,6800.0,0.0,1.46388428
1528707665.0,68162491.0,6800.2,1.0,0.00257333
1528707666.0,68162492.0,6800.2,1.0,1.5
1528707666.0,68162493.0,6800.2,1.0,2.0
1528707666.0,68162494.0,6800.2,1.0,1.32064983
1528707667.0,68162497.0,6796.07,0.0,0.034364
1528707668.0,68162498.0,6789.28,1.0,0.5
1528707702.0,68162508.0,6798.99,0.0,0.00257359
1528707702.0,68162509.0,6799.99,0.0,0.00016381
1528707708.0,68162510.0,6791.08,1.0,0.04
1528707712.0,68162512.0,6799.99,0.0,0.00167422
1528707712.0,68162513.0,6799.99,0.0,0.00095574
1528707712.0,68162514.0,6801.15,0.0,0.03749142
1528707717.0,68162517.0,6800.19,0.0,0.0054748
1528707717.0,68162518.0,6800.19,0.0,0.99894414
1528707722.0,68162519.0,6791.23,1.0,0.11895958
1528707727.0,68162523.0,6801.15,0.0,0.00087597
1528707738.0,68162524.0,6801.15,0.0,0.02189349
1528707748.0,68162529.0,6800.77,0.0,0.54718513
1528707763.0,68162533.0,6801.15,0.0,0.02037977
1528707777.0,68162545.0,6792.61,1.0,0.08071224
1528707777.0,68162546.0,6792.49,1.0,0.1209947
1528707778.0,68162547.0,6801.15,0.0,0.008424
1528707781.0,68162548.0,6801.15,0.0,0.02933327
1528707793.0,68162559.0,6801.14,0.0,0.01641919
1528707808.0,68162568.0,6800.96,0.0,0.06445068
1528707808.0,68162569.0,6800.97,0.0,0.15437177
1528707813.0,68162574.0,6793.65,1.0,0.00164731
1528707813.0,68162575.0,6800.97,0.0,0.02416932
1528707814.0,68162576.0,6800.97,0.0,0.5
1528707818.0,68162578.0,6793.65,1.0,0.05
1528707818.0,68162579.0,6800.97,0.0,0.00548252
1528707823.0,68162580.0,6800.9,0.0,0.01167826
1528707849.0,68162601.0,6794.82,1.0,0.0073
1528707856.0,68162622.0,6801.15,0.0,0.88160208
1528707856.0,68162623.0,6801.99,0.0,0.0009555
1528707857.0,68162624.0,6801.99,0.0,0.00183726
1528707857.0,68162625.0,6801.99,0.0,0.00110251
1528707857.0,68162626.0,6801.99,0.0,0.00095552
1528707857.0,68162627.0,6801.99,0.0,0.00242556
1528707857.0,68162628.0,6801.99,0.0,0.00169037
1528707857.0,68162629.0,6801.99,0.0,0.00169035
1528707858.0,68162631.0,6803.99,0.0,0.0009552
